<?xml version="1.0" encoding="UTF-8"?>
<!DOCTYPE html PUBLIC "-//W3C//DTD XHTML 1.0 Transitional//EN"
    "http://www.w3.org/TR/xhtml1/DTD/xhtml1-transitional.dtd">
<html xmlns="http://www.w3.org/1999/xhtml" xml:lang="en" lang="en">
 <head>
  <title>
</title>
<meta http-equiv="Content-Type" content="text/html;charset=utf-8" />
  <meta name='ocr-system' content='tesseract 3.04.00' />
  <meta name='ocr-capabilities' content='ocr_page ocr_carea ocr_par ocr_line ocrx_word'/>
</head>
<body>
  <div class='ocr_page' id='page_1' title='image "./monumentapapyra00biblgoog_0005.png"; bbox 0 0 5034 6400; ppageno 0'>
   <div class='ocr_carea' id='block_1_1' title="bbox 545 812 3657 1261">
    <p class='ocr_par' dir='ltr' id='par_1_1' title="bbox 545 812 3657 1261">
     <span class='ocr_line' id='line_1_1' title="bbox 545 812 3657 1261; baseline 0 5139"><span class='ocrx_word' id='word_1_1' title='bbox 545 812 3657 1261; x_wconf 95' lang='lat' dir='ltr'><strong> </strong></span> 
     </span>
    </p>
   </div>
   <div class='ocr_carea' id='block_1_2' title="bbox 1563 2210 2663 2354">
    <p class='ocr_par' dir='ltr' id='par_1_2' title="bbox 1563 2210 2663 2354">
     <span class='ocr_line' id='line_1_2' title="bbox 1563 2210 2663 2354; baseline -0.005 0"><span class='ocrx_word' id='word_1_2' title='bbox 1563 2210 2663 2354; x_wconf 78' lang='lat' dir='ltr'><strong>PRAEFATIO</strong></span> 
     </span>
    </p>
   </div>
   <div class='ocr_carea' id='block_1_3' title="bbox 511 2914 3651 5202">
    <p class='ocr_par' dir='ltr' id='par_1_3' title="bbox 565 2914 3643 3851">
     <span class='ocr_line' id='line_1_3' title="bbox 742 2914 3642 3068; baseline -0 -17"><span class='ocrx_word' id='word_1_3' title='bbox 742 2914 1246 3053; x_wconf 86' lang='lat' dir='ltr'><strong>Bibliothecam</strong></span> <span class='ocrx_word' id='word_1_4' title='bbox 1286 2985 1642 3052; x_wconf 82' lang='lat' dir='ltr'><strong>&#39;vaticanam</strong></span> <span class='ocrx_word' id='word_1_5' title='bbox 1687 2982 1864 3052; x_wconf 87' lang='lat' dir='ltr'><strong>Sedis</strong></span> <span class='ocrx_word' id='word_1_6' title='bbox 1910 2981 2284 3068; x_wconf 87' lang='lat' dir='ltr'><strong>apostolicae</strong></span> <span class='ocrx_word' id='word_1_7' title='bbox 2329 2983 2506 3066; x_wconf 86' lang='lat' dir='ltr'><strong>copia</strong></span> <span class='ocrx_word' id='word_1_8' title='bbox 2553 2983 2617 3048; x_wconf 90' lang='lat' dir='ltr'><strong>et</strong></span> <span class='ocrx_word' id='word_1_9' title='bbox 2658 2983 2917 3049; x_wconf 89' lang='lat' dir='ltr'><strong>raritate</strong></span> <span class='ocrx_word' id='word_1_10' title='bbox 2960 2981 3241 3049; x_wconf 88' lang='lat' dir='ltr'><strong>codicum</strong></span> <span class='ocrx_word' id='word_1_11' title='bbox 3279 2983 3642 3065; x_wconf 86' lang='lat' dir='ltr'><strong>praesertim</strong></span> 
     </span>
     <span class='ocr_line' id='line_1_4' title="bbox 566 3113 3638 3207; baseline -0.001 -22"><span class='ocrx_word' id='word_1_12' title='bbox 566 3137 921 3207; x_wconf 85' lang='lat' dir='ltr'><strong>graecorum</strong></span> <span class='ocrx_word' id='word_1_13' title='bbox 967 3121 1030 3184; x_wconf 90' lang='lat' dir='ltr'><strong>et</strong></span> <span class='ocrx_word' id='word_1_14' title='bbox 1073 3117 1410 3184; x_wconf 78' lang='lat' dir='ltr'><strong>latinorum</strong></span> <span class='ocrx_word' id='word_1_15' title='bbox 1453 3119 1617 3185; x_wconf 91' lang='lat' dir='ltr'><strong>inter</strong></span> <span class='ocrx_word' id='word_1_16' title='bbox 1661 3118 1935 3186; x_wconf 86' lang='lat' dir='ltr'><strong>caeteras</strong></span> <span class='ocrx_word' id='word_1_17' title='bbox 1982 3116 2277 3184; x_wconf 85' lang='lat' dir='ltr'><strong>excellere</strong></span> <span class='ocrx_word' id='word_1_18' title='bbox 2306 3116 2531 3200; x_wconf 87' lang='lat' dir='ltr'><strong>cuique</strong></span> <span class='ocrx_word' id='word_1_19' title='bbox 2562 3118 2943 3201; x_wconf 82' lang='lat' dir='ltr'><strong>compertum</strong></span> <span class='ocrx_word' id='word_1_20' title='bbox 2975 3116 3089 3182; x_wconf 88' lang='lat' dir='ltr'><strong>est.</strong></span> <span class='ocrx_word' id='word_1_21' title='bbox 3122 3113 3243 3182; x_wconf 85' lang='lat' dir='ltr'><strong>Sed</strong></span> <span class='ocrx_word' id='word_1_22' title='bbox 3273 3134 3393 3181; x_wconf 93' lang='lat' dir='ltr'><strong>non</strong></span> <span class='ocrx_word' id='word_1_23' title='bbox 3429 3135 3638 3183; x_wconf 87' lang='lat' dir='ltr'><strong>omnes</strong></span> 
     </span>
     <span class='ocr_line' id='line_1_5' title="bbox 565 3248 3641 3339; baseline -0.001 -19"><span class='ocrx_word' id='word_1_24' title='bbox 565 3253 794 3337; x_wconf 88' lang='lat' dir='ltr'><strong>pariter</strong></span> <span class='ocrx_word' id='word_1_25' title='bbox 814 3256 1039 3319; x_wconf 87' lang='lat' dir='ltr'><strong>norunt</strong></span> <span class='ocrx_word' id='word_1_26' title='bbox 1066 3252 1161 3319; x_wconf 90' lang='lat' dir='ltr'><strong>ibi</strong></span> <span class='ocrx_word' id='word_1_27' title='bbox 1175 3248 1430 3320; x_wconf 78' lang='lat' dir='ltr'><strong>&#39;codices</strong></span> <span class='ocrx_word' id='word_1_28' title='bbox 1461 3270 1700 3336; x_wconf 89' lang='lat' dir='ltr'><strong>quoque</strong></span> <span class='ocrx_word' id='word_1_29' title='bbox 1731 3252 2050 3339; x_wconf 82' lang='lat' dir='ltr'><strong>aegyptios</strong></span> <span class='ocrx_word' id='word_1_30' title='bbox 2074 3253 2140 3319; x_wconf 91' lang='lat' dir='ltr'><strong>et</strong></span> <span class='ocrx_word' id='word_1_31' title='bbox 2160 3250 2410 3335; x_wconf 90' lang='lat' dir='ltr'><strong>quidem</strong></span> <span class='ocrx_word' id='word_1_32' title='bbox 2439 3270 2561 3317; x_wconf 94' lang='lat' dir='ltr'><strong>non</strong></span> <span class='ocrx_word' id='word_1_33' title='bbox 2591 3269 2818 3335; x_wconf 86' lang='lat' dir='ltr'><strong>paucos</strong></span> <span class='ocrx_word' id='word_1_34' title='bbox 2849 3249 3181 3329; x_wconf 78' lang='lat' dir='ltr'><strong>adservari,</strong></span> <span class='ocrx_word' id='word_1_35' title='bbox 3216 3252 3280 3317; x_wconf 91' lang='lat' dir='ltr'><strong>et</strong></span> <span class='ocrx_word' id='word_1_36' title='bbox 3308 3268 3428 3316; x_wconf 93' lang='lat' dir='ltr'><strong>non</strong></span> <span class='ocrx_word' id='word_1_37' title='bbox 3459 3250 3641 3317; x_wconf 90' lang='lat' dir='ltr'><strong>modo</strong></span> 
     </span>
     <span class='ocr_line' id='line_1_6' title="bbox 569 3382 3642 3469; baseline -0 -18"><span class='ocrx_word' id='word_1_38' title='bbox 569 3403 668 3451; x_wconf 90' lang='lat' dir='ltr'><strong>eos</strong></span> <span class='ocrx_word' id='word_1_39' title='bbox 714 3385 823 3468; x_wconf 89' lang='lat' dir='ltr'><strong>qui</strong></span> <span class='ocrx_word' id='word_1_40' title='bbox 867 3386 1092 3469; x_wconf 86' lang='lat' dir='ltr'><strong>coptici</strong></span> <span class='ocrx_word' id='word_1_41' title='bbox 1138 3386 1428 3451; x_wconf 87' lang='lat' dir='ltr'><strong>dicuntur</strong></span> <span class='ocrx_word' id='word_1_42' title='bbox 1472 3386 1580 3451; x_wconf 88' lang='lat' dir='ltr'><strong>sed</strong></span> <span class='ocrx_word' id='word_1_43' title='bbox 1625 3385 1818 3451; x_wconf 85' lang='lat' dir='ltr'><strong>etiam</strong></span> <span class='ocrx_word' id='word_1_44' title='bbox 1862 3384 1974 3468; x_wconf 91' lang='lat' dir='ltr'><strong>qui</strong></span> <span class='ocrx_word' id='word_1_45' title='bbox 2019 3385 2098 3450; x_wconf 89' lang='lat' dir='ltr'><strong>ad</strong></span> <span class='ocrx_word' id='word_1_46' title='bbox 2129 3383 2632 3467; x_wconf 79' lang='lat' dir='ltr'><strong>antiquissimam</strong></span> <span class='ocrx_word' id='word_1_47' title='bbox 2662 3382 3015 3469; x_wconf 78' lang='lat' dir='ltr'><strong>Aegyptum</strong></span> <span class='ocrx_word' id='word_1_48' title='bbox 3046 3385 3109 3449; x_wconf 89' lang='lat' dir='ltr'><strong>et</strong></span> <span class='ocrx_word' id='word_1_49' title='bbox 3140 3384 3221 3450; x_wconf 86' lang='lat' dir='ltr'><strong>ad</strong></span> <span class='ocrx_word' id='word_1_50' title='bbox 3249 3384 3642 3450; x_wconf 88' lang='lat' dir='ltr'><strong>Pharaonum</strong></span> 
     </span>
     <span class='ocr_line' id='line_1_7' title="bbox 573 3514 3642 3604; baseline 0 -21"><span class='ocrx_word' id='word_1_51' title='bbox 573 3520 842 3583; x_wconf 87' lang='lat' dir='ltr'><strong>aetatem</strong></span> <span class='ocrx_word' id='word_1_52' title='bbox 886 3516 1218 3602; x_wconf 74' lang='lat' dir='ltr'><strong>pertinent.</strong></span> <span class='ocrx_word' id='word_1_53' title='bbox 1267 3515 1423 3583; x_wconf 86' lang='lat' dir='ltr'><strong>Sunt</strong></span> <span class='ocrx_word' id='word_1_54' title='bbox 1464 3518 1618 3583; x_wconf 85' lang='lat' dir='ltr'><strong>haec</strong></span> <span class='ocrx_word' id='word_1_55' title='bbox 1661 3536 1894 3603; x_wconf 83' lang='lat' dir='ltr'><strong>papyra</strong></span> <span class='ocrx_word' id='word_1_56' title='bbox 1937 3515 2416 3604; x_wconf 80' lang='lat' dir='ltr'><strong>hieroglyphiois</strong></span> <span class='ocrx_word' id='word_1_57' title='bbox 2448 3514 2549 3582; x_wconf 85' lang='lat' dir='ltr'><strong>vel</strong></span> <span class='ocrx_word' id='word_1_58' title='bbox 2576 3514 2890 3582; x_wconf 88' lang='lat' dir='ltr'><strong>hieraticis</strong></span> <span class='ocrx_word' id='word_1_59' title='bbox 2922 3516 3155 3583; x_wconf 89' lang='lat' dir='ltr'><strong>litteris</strong></span> <span class='ocrx_word' id='word_1_60' title='bbox 3187 3518 3452 3596; x_wconf 80' lang='lat' dir='ltr'><strong>exarata,</strong></span> <span class='ocrx_word' id='word_1_61' title='bbox 3485 3536 3642 3599; x_wconf 88' lang='lat' dir='ltr'><strong>quae</strong></span> 
     </span>
     <span class='ocr_line' id='line_1_8' title="bbox 566 3649 3643 3735; baseline 0 -19"><span class='ocrx_word' id='word_1_62' title='bbox 566 3650 904 3734; x_wconf 86' lang='lat' dir='ltr'><strong>primatum</strong></span> <span class='ocrx_word' id='word_1_63' title='bbox 949 3649 1344 3734; x_wconf 72' lang='lat' dir='ltr'><strong>antiquitatis</strong></span> <span class='ocrx_word' id='word_1_64' title='bbox 1390 3650 1554 3718; x_wconf 91' lang='lat' dir='ltr'><strong>inter</strong></span> <span class='ocrx_word' id='word_1_65' title='bbox 1597 3650 1836 3717; x_wconf 85' lang='lat' dir='ltr'><strong>codices</strong></span> <span class='ocrx_word' id='word_1_66' title='bbox 1881 3669 2092 3717; x_wconf 90' lang='lat' dir='ltr'><strong>omnes</strong></span> <span class='ocrx_word' id='word_1_67' title='bbox 2136 3651 2348 3734; x_wconf 91' lang='lat' dir='ltr'><strong>procul</strong></span> <span class='ocrx_word' id='word_1_68' title='bbox 2378 3650 2565 3718; x_wconf 92' lang='lat' dir='ltr'><strong>dubio</strong></span> <span class='ocrx_word' id='word_1_69' title='bbox 2597 3650 2897 3730; x_wconf 80' lang='lat' dir='ltr'><strong>obtinent,</strong></span> <span class='ocrx_word' id='word_1_70' title='bbox 2944 3651 3158 3734; x_wconf 82' lang='lat' dir='ltr'><strong>utpote</strong></span> <span class='ocrx_word' id='word_1_71' title='bbox 3204 3650 3643 3735; x_wconf 89' lang='lat' dir='ltr'><strong>cujuscumque</strong></span> 
     </span>
     <span class='ocr_line' id='line_1_9' title="bbox 570 3782 2109 3851; baseline -0.001 -1"><span class='ocrx_word' id='word_1_72' title='bbox 570 3782 878 3851; x_wconf 86' lang='lat' dir='ltr'><strong>scribendi</strong></span> <span class='ocrx_word' id='word_1_73' title='bbox 919 3782 1178 3850; x_wconf 89' lang='lat' dir='ltr'><strong>rationis</strong></span> <span class='ocrx_word' id='word_1_74' title='bbox 1221 3783 1649 3851; x_wconf 79' lang='lat' dir='ltr'><strong>vetustissima</strong></span> <span class='ocrx_word' id='word_1_75' title='bbox 1693 3786 2109 3850; x_wconf 87' lang='lat' dir='ltr'><strong>monumenta.</strong></span> 
     </span>
    </p>

    <p class='ocr_par' dir='ltr' id='par_1_4' title="bbox 511 3916 3648 4534">
     <span class='ocr_line' id='line_1_10' title="bbox 747 3916 3645 4002; baseline 0 -19"><span class='ocrx_word' id='word_1_76' title='bbox 747 3916 905 3983; x_wconf 86' lang='lat' dir='ltr'><strong>Cum</strong></span> <span class='ocrx_word' id='word_1_77' title='bbox 946 3935 1091 3983; x_wconf 81' lang='lat' dir='ltr'><strong>vero</strong></span> <span class='ocrx_word' id='word_1_78' title='bbox 1134 3916 1515 3983; x_wconf 85' lang='lat' dir='ltr'><strong>recensiones</strong></span> <span class='ocrx_word' id='word_1_79' title='bbox 1561 3916 1840 3983; x_wconf 89' lang='lat' dir='ltr'><strong>codicum</strong></span> <span class='ocrx_word' id='word_1_80' title='bbox 1885 3917 2445 4002; x_wconf 81' lang='lat' dir='ltr'><strong>manuscriptorum</strong></span> <span class='ocrx_word' id='word_1_81' title='bbox 2489 3916 2906 3985; x_wconf 90' lang='lat' dir='ltr'><strong>bibliothecae</strong></span> <span class='ocrx_word' id='word_1_82' title='bbox 2935 3917 3258 3984; x_wconf 80' lang='lat' dir='ltr'><strong>vaticanae</strong></span> <span class='ocrx_word' id='word_1_83' title='bbox 3301 3916 3520 3983; x_wconf 89' lang='lat' dir='ltr'><strong>multis</strong></span> <span class='ocrx_word' id='word_1_84' title='bbox 3565 3916 3645 3983; x_wconf 88' lang='lat' dir='ltr'><strong>ab</strong></span> 
     </span>
     <span class='ocr_line' id='line_1_11' title="bbox 569 4050 3642 4151; baseline 0 -35"><span class='ocrx_word' id='word_1_85' title='bbox 569 4050 713 4116; x_wconf 89' lang='lat' dir='ltr'><strong>hinc</strong></span> <span class='ocrx_word' id='word_1_86' title='bbox 757 4050 936 4116; x_wconf 89' lang='lat' dir='ltr'><strong>annis</strong></span> <span class='ocrx_word' id='word_1_87' title='bbox 981 4050 1282 4135; x_wconf 79' lang='lat' dir='ltr'><strong>inceptae,</strong></span> <span class='ocrx_word' id='word_1_88' title='bbox 1330 4071 1493 4118; x_wconf 89' lang='lat' dir='ltr'><strong>nunc</strong></span> <span class='ocrx_word' id='word_1_89' title='bbox 1527 4050 1709 4135; x_wconf 89' lang='lat' dir='ltr'><strong>jussu</strong></span> <span class='ocrx_word' id='word_1_90' title='bbox 1752 4052 1817 4117; x_wconf 90' lang='lat' dir='ltr'><strong>et</strong></span> <span class='ocrx_word' id='word_1_91' title='bbox 1859 4051 2282 4118; x_wconf 89' lang='lat' dir='ltr'><strong>munificentia</strong></span> <span class='ocrx_word' id='word_1_92' title='bbox 2313 4052 2537 4118; x_wconf 81' lang='lat' dir='ltr'><strong>Leonis</strong></span> <span class='ocrx_word' id='word_1_93' title='bbox 2568 4053 2732 4118; x_wconf 89' lang='lat' dir='ltr'>XIII</span> <span class='ocrx_word' id='word_1_94' title='bbox 2763 4052 2836 4118; x_wconf 91' lang='lat' dir='ltr'><strong>P.</strong></span> <span class='ocrx_word' id='word_1_95' title='bbox 2870 4051 2958 4116; x_wconf 90' lang='lat' dir='ltr'><strong>M.</strong></span> <span class='ocrx_word' id='word_1_96' title='bbox 2994 4051 3257 4118; x_wconf 83' lang='lat' dir='ltr'><strong>alacrius</strong></span> <span class='ocrx_word' id='word_1_97' title='bbox 3287 4051 3642 4151; x_wconf 78' lang='lat' dir='ltr'><strong>urgeantur,</strong></span> 
     </span>
     <span class='ocr_line' id='line_1_12' title="bbox 511 4181 3647 4269; baseline -0 -18"><span class='ocrx_word' id='word_1_98' title='bbox 511 4224 518 4232; x_wconf 94' lang='lat'>·</span> <span class='ocrx_word' id='word_1_99' title='bbox 568 4183 771 4251; x_wconf 73' lang='lat' dir='ltr'><strong>visum</strong></span> <span class='ocrx_word' id='word_1_100' title='bbox 817 4184 912 4249; x_wconf 88' lang='lat' dir='ltr'><strong>est</strong></span> <span class='ocrx_word' id='word_1_101' title='bbox 953 4181 1212 4249; x_wconf 84' lang='lat' dir='ltr'><strong>Placido</strong></span> <span class='ocrx_word' id='word_1_102' title='bbox 1256 4182 1346 4250; x_wconf 88' lang='grc' dir='ltr'><strong>Μ.</strong></span> <span class='ocrx_word' id='word_1_103' title='bbox 1396 4181 1722 4251; x_wconf 85' lang='lat' dir='ltr'><strong>Schiaffino</strong></span> <span class='ocrx_word' id='word_1_104' title='bbox 1765 4184 1899 4251; x_wconf 84' lang='lat' dir='ltr'><strong>viro</strong></span> <span class='ocrx_word' id='word_1_105' title='bbox 1944 4185 2451 4253; x_wconf 81' lang='lat' dir='ltr'><strong>Eminentissimo</strong></span> <span class='ocrx_word' id='word_1_106' title='bbox 2498 4183 2990 4252; x_wconf 87' lang='lat' dir='ltr'><strong>Bibliothecario</strong></span> <span class='ocrx_word' id='word_1_107' title='bbox 3036 4183 3213 4251; x_wconf 86' lang='lat' dir='ltr'><strong>Sedis</strong></span> <span class='ocrx_word' id='word_1_108' title='bbox 3272 4183 3647 4269; x_wconf 86' lang='lat' dir='ltr'><strong>apostolicae</strong></span> 
     </span>
     <span class='ocr_line' id='line_1_13' title="bbox 571 4314 3648 4406; baseline 0.001 -25"><span class='ocrx_word' id='word_1_109' title='bbox 571 4318 635 4381; x_wconf 86' lang='lat' dir='ltr'><strong>et</strong></span> <span class='ocrx_word' id='word_1_110' title='bbox 663 4314 919 4382; x_wconf 86' lang='lat' dir='ltr'><strong>oonsilio</strong></span> <span class='ocrx_word' id='word_1_111' title='bbox 947 4315 1288 4382; x_wconf 80' lang='lat' dir='ltr'><strong>illustrium</strong></span> <span class='ocrx_word' id='word_1_112' title='bbox 1318 4317 1590 4383; x_wconf 84' lang='lat' dir='ltr'><strong>virorum</strong></span> <span class='ocrx_word' id='word_1_113' title='bbox 1621 4317 2040 4385; x_wconf 86' lang='lat' dir='ltr'><strong>bibliothecae</strong></span> <span class='ocrx_word' id='word_1_114' title='bbox 2068 4318 2370 4406; x_wconf 86' lang='lat' dir='ltr'><strong>regendae</strong></span> <span class='ocrx_word' id='word_1_115' title='bbox 2399 4321 2472 4385; x_wconf 90' lang='lat' dir='ltr'><strong>ut</strong></span> <span class='ocrx_word' id='word_1_116' title='bbox 2501 4319 2694 4386; x_wconf 88' lang='lat' dir='ltr'><strong>etiam</strong></span> <span class='ocrx_word' id='word_1_117' title='bbox 2723 4338 3092 4404; x_wconf 81' lang='lat' dir='ltr'><strong>papyrorum</strong></span> <span class='ocrx_word' id='word_1_118' title='bbox 3122 4318 3351 4385; x_wconf 82' lang='lat' dir='ltr'><strong>veteris</strong></span> <span class='ocrx_word' id='word_1_119' title='bbox 3381 4317 3648 4404; x_wconf 77' lang='lat' dir='ltr'><strong>Aegypti</strong></span> 
     </span>
     <span class='ocr_line' id='line_1_14' title="bbox 570 4448 3074 4534; baseline 0 -19"><span class='ocrx_word' id='word_1_120' title='bbox 570 4448 898 4531; x_wconf 88' lang='lat' dir='ltr'><strong>descriptio</strong></span> <span class='ocrx_word' id='word_1_121' title='bbox 943 4449 1245 4516; x_wconf 88' lang='lat' dir='ltr'><strong>ederetur.</strong></span> <span class='ocrx_word' id='word_1_122' title='bbox 3068 4528 3074 4534; x_wconf 25' lang='lat'><strong>¹</strong></span> 
     </span>
    </p>

    <p class='ocr_par' dir='ltr' id='par_1_5' title="bbox 570 4581 3651 5202">
     <span class='ocr_line' id='line_1_15' title="bbox 744 4581 3651 4674; baseline 0.001 -27"><span class='ocrx_word' id='word_1_123' title='bbox 744 4581 951 4666; x_wconf 90' lang='lat' dir='ltr'><strong>Hujus</strong></span> <span class='ocrx_word' id='word_1_124' title='bbox 998 4581 1385 4649; x_wconf 88' lang='lat' dir='ltr'><strong>collectionis</strong></span> <span class='ocrx_word' id='word_1_125' title='bbox 1431 4602 1534 4650; x_wconf 85' lang='lat' dir='ltr'><strong>sex</strong></span> <span class='ocrx_word' id='word_1_126' title='bbox 1566 4585 1629 4651; x_wconf 87' lang='lat' dir='ltr'><strong>et</strong></span> <span class='ocrx_word' id='word_1_127' title='bbox 1659 4584 2068 4672; x_wconf 88' lang='lat' dir='ltr'><strong>quadraginta</strong></span> <span class='ocrx_word' id='word_1_128' title='bbox 2099 4585 2250 4652; x_wconf 89' lang='lat' dir='ltr'><strong>folia</strong></span> <span class='ocrx_word' id='word_1_129' title='bbox 2272 4605 2615 4672; x_wconf 81' lang='lat' dir='ltr'><strong>papyracea</strong></span> <span class='ocrx_word' id='word_1_130' title='bbox 2645 4586 2725 4653; x_wconf 88' lang='lat' dir='ltr'><strong>ab</strong></span> <span class='ocrx_word' id='word_1_131' title='bbox 2757 4586 2995 4674; x_wconf 87' lang='lat' dir='ltr'><strong>Angelo</strong></span> <span class='ocrx_word' id='word_1_132' title='bbox 3025 4607 3063 4653; x_wconf 91' lang='lat' dir='ltr'><strong>a</strong></span> <span class='ocrx_word' id='word_1_133' title='bbox 3096 4591 3185 4655; x_wconf 91' lang='lat' dir='ltr'><strong>Po</strong></span> <span class='ocrx_word' id='word_1_134' title='bbox 3188 4590 3239 4674; x_wconf 73' lang='lat' dir='ltr'><strong>fi·</strong></span> <span class='ocrx_word' id='word_1_135' title='bbox 3268 4585 3651 4672; x_wconf 84' lang='lat' dir='ltr'><strong>evangelista</strong></span> 
     </span>
     <span class='ocr_line' id='line_1_16' title="bbox 570 4714 3650 4806; baseline 0.001 -25"><span class='ocrx_word' id='word_1_136' title='bbox 570 4714 802 4781; x_wconf 88' lang='lat' dir='ltr'><strong>ordinis</strong></span> <span class='ocrx_word' id='word_1_137' title='bbox 829 4716 1137 4783; x_wconf 89' lang='lat' dir='ltr'><strong>minorum</strong></span> <span class='ocrx_word' id='word_1_138' title='bbox 1168 4736 1239 4783; x_wconf 85' lang='lat' dir='ltr'><strong>ex</strong></span> <span class='ocrx_word' id='word_1_139' title='bbox 1262 4717 1544 4805; x_wconf 81' lang='lat' dir='ltr'><strong>Aegypto</strong></span> <span class='ocrx_word' id='word_1_140' title='bbox 1573 4720 1836 4786; x_wconf 89' lang='lat' dir='ltr'><strong>Romam</strong></span> <span class='ocrx_word' id='word_1_141' title='bbox 1865 4719 2122 4786; x_wconf 82' lang='lat' dir='ltr'><strong>advecta</strong></span> <span class='ocrx_word' id='word_1_142' title='bbox 2152 4722 2298 4786; x_wconf 86' lang='lat' dir='ltr'><strong>sunt</strong></span> <span class='ocrx_word' id='word_1_143' title='bbox 2327 4721 2442 4787; x_wconf 91' lang='lat' dir='ltr'><strong>Pio</strong></span> <span class='ocrx_word' id='word_1_144' title='bbox 2472 4722 2599 4787; x_wconf 89' lang='lat' dir='ltr'><strong>VII</strong></span> <span class='ocrx_word' id='word_1_145' title='bbox 2631 4721 2703 4787; x_wconf 92' lang='lat' dir='ltr'><strong>P.</strong></span> <span class='ocrx_word' id='word_1_146' title='bbox 2738 4720 2850 4802; x_wconf 66' lang='lat' dir='ltr'><strong>M„</strong></span> <span class='ocrx_word' id='word_1_147' title='bbox 2885 4724 2949 4789; x_wconf 91' lang='lat' dir='ltr'><strong>et</strong></span> <span class='ocrx_word' id='word_1_148' title='bbox 2967 4726 3150 4806; x_wconf 88' lang='lat' dir='ltr'><strong>prout</strong></span> <span class='ocrx_word' id='word_1_149' title='bbox 3174 4739 3244 4787; x_wconf 85' lang='lat' dir='ltr'><strong>ex</strong></span> <span class='ocrx_word' id='word_1_150' title='bbox 3267 4718 3650 4787; x_wconf 87' lang='lat' dir='ltr'><strong>documentis</strong></span> 
     </span>
     <span class='ocr_line' id='line_1_17' title="bbox 572 4844 3647 4932; baseline 0 -18"><span class='ocrx_word' id='word_1_151' title='bbox 572 4844 869 4914; x_wconf 84' lang='lat' dir='ltr'><strong>tabularii</strong></span> <span class='ocrx_word' id='word_1_152' title='bbox 930 4851 1096 4915; x_wconf 88' lang='lat' dir='ltr'><strong>certo</strong></span> <span class='ocrx_word' id='word_1_153' title='bbox 1157 4848 1357 4932; x_wconf 83' lang='lat' dir='ltr'><strong>liquet</strong></span> <span class='ocrx_word' id='word_1_154' title='bbox 1413 4850 1479 4916; x_wconf 93' lang='lat' dir='ltr'><strong>in</strong></span> <span class='ocrx_word' id='word_1_155' title='bbox 1523 4850 1983 4918; x_wconf 90' lang='lat' dir='ltr'><strong>Bibliothecam</strong></span> <span class='ocrx_word' id='word_1_156' title='bbox 2027 4851 2283 4919; x_wconf 85' lang='lat' dir='ltr'><strong>inducta</strong></span> <span class='ocrx_word' id='word_1_157' title='bbox 2327 4853 2429 4919; x_wconf 89' lang='lat' dir='ltr'><strong>die</strong></span> <span class='ocrx_word' id='word_1_158' title='bbox 2472 4854 2595 4920; x_wconf 75' lang='lat' dir='ltr'><strong>IX⁸</strong></span> <span class='ocrx_word' id='word_1_159' title='bbox 2634 4853 2854 4921; x_wconf 86' lang='lat' dir='ltr'><strong>Martii</strong></span> <span class='ocrx_word' id='word_1_160' title='bbox 2905 4854 3051 4920; x_wconf 88' lang='lat' dir='ltr'><strong>anni</strong></span> <span class='ocrx_word' id='word_1_161' title='bbox 3112 4851 3463 4919; x_wconf 85' lang='lat' dir='ltr'>MDCCCX</span> <span class='ocrx_word' id='word_1_162' title='bbox 3474 4851 3647 4917; x_wconf 89' lang='lat' dir='ltr'>VIII.</span> 
     </span>
     <span class='ocr_line' id='line_1_18' title="bbox 570 4980 3646 5065; baseline 0.001 -20"><span class='ocrx_word' id='word_1_163' title='bbox 570 4980 867 5046; x_wconf 86' lang='lat' dir='ltr'><strong>Processu</strong></span> <span class='ocrx_word' id='word_1_164' title='bbox 919 4999 1059 5047; x_wconf 85' lang='lat' dir='ltr'><strong>vero</strong></span> <span class='ocrx_word' id='word_1_165' title='bbox 1118 4982 1413 5065; x_wconf 86' lang='lat' dir='ltr'><strong>temporis</strong></span> <span class='ocrx_word' id='word_1_166' title='bbox 1472 4982 1772 5050; x_wconf 91' lang='lat' dir='ltr'><strong>Hercules</strong></span> <span class='ocrx_word' id='word_1_167' title='bbox 1827 4983 2007 5050; x_wconf 87' lang='lat' dir='ltr'><strong>Card.</strong></span> <span class='ocrx_word' id='word_1_168' title='bbox 2058 4983 2420 5051; x_wconf 86' lang='lat' dir='ltr'><strong>Consalvius</strong></span> <span class='ocrx_word' id='word_1_169' title='bbox 2480 4985 2804 5052; x_wconf 88' lang='lat' dir='ltr'><strong>duodecim</strong></span> <span class='ocrx_word' id='word_1_170' title='bbox 2864 4985 2993 5052; x_wconf 87' lang='lat' dir='ltr'><strong>alia</strong></span> <span class='ocrx_word' id='word_1_171' title='bbox 3044 4983 3472 5050; x_wconf 88' lang='lat' dir='ltr'><strong>Bibliothecae</strong></span> <span class='ocrx_word' id='word_1_172' title='bbox 3518 4985 3646 5048; x_wconf 86' lang='lat' dir='ltr'><strong>tra-</strong></span> 
     </span>
     <span class='ocr_line' id='line_1_19' title="bbox 572 5111 3647 5202; baseline 0.001 -24"><span class='ocrx_word' id='word_1_173' title='bbox 572 5111 754 5193; x_wconf 88' lang='lat' dir='ltr'><strong>didit,</strong></span> <span class='ocrx_word' id='word_1_174' title='bbox 803 5131 959 5196; x_wconf 87' lang='lat' dir='ltr'><strong>quae</strong></span> <span class='ocrx_word' id='word_1_175' title='bbox 1004 5133 1042 5179; x_wconf 90' lang='lat' dir='ltr'><strong>a</strong></span> <span class='ocrx_word' id='word_1_176' title='bbox 1088 5113 1382 5182; x_wconf 85' lang='lat' dir='ltr'><strong>Belzonio</strong></span> <span class='ocrx_word' id='word_1_177' title='bbox 1439 5116 1571 5183; x_wconf 84' lang='lat' dir='ltr'><strong>viro</strong></span> <span class='ocrx_word' id='word_1_178' title='bbox 1638 5115 1878 5185; x_wconf 87' lang='lat' dir='ltr'><strong>illustri</strong></span> <span class='ocrx_word' id='word_1_179' title='bbox 1946 5115 2100 5183; x_wconf 93' lang='lat' dir='ltr'><strong>dono</strong></span> <span class='ocrx_word' id='word_1_180' title='bbox 2166 5121 2498 5202; x_wconf 86' lang='lat' dir='ltr'><strong>receperat.</strong></span> <span class='ocrx_word' id='word_1_181' title='bbox 2565 5116 2805 5185; x_wconf 87' lang='lat' dir='ltr'><strong>Deinde</strong></span> <span class='ocrx_word' id='word_1_182' title='bbox 2859 5118 2988 5185; x_wconf 84' lang='lat' dir='ltr'><strong>alia</strong></span> <span class='ocrx_word' id='word_1_183' title='bbox 3034 5118 3223 5185; x_wconf 87' lang='lat' dir='ltr'><strong>variis</strong></span> <span class='ocrx_word' id='word_1_184' title='bbox 3267 5114 3647 5201; x_wconf 90' lang='lat' dir='ltr'><strong>temporibus</strong></span> 
     </span>
    </p>
   </div>
  </div>
 </body>
</html>
