5034 6400
2682 560 3083 625 —134—

1977 881 2782 1018 PAPYRUM
2872 909 3722 1018 LXXXIII.¹¹¹

2622 1133 3153 1143 ——u———-——-

2691 1336 2772 1402 N.
2823 1338 2951 1401 136
2985 1335 3091 1421 (¹).

1514 1516 1643 1583 Sub
1673 1517 1948 1585 numeris
1980 1537 2019 1583 a
2053 1520 2178 1584 136
2211 1537 2408 1601 usque
2440 1517 2522 1583 ad
2558 1518 2684 1583 138
2716 1517 2967 1583 tabulas
2998 1521 3126 1583 tres
3156 1517 3525 1597 indicamus,
3559 1537 3720 1601 quae
3749 1535 3913 1584 nunc
3943 1515 4010 1583 in
4040 1514 4443 1582 Bibliotheca

1335 1631 1758 1708 adservantur,
1804 1630 1918 1696 ubi
1963 1629 2314 1717 fragmenta
2357 1631 2534 1696 varia
2578 1630 3017 1715 opistographa
3049 1633 3197 1696 sunt
3223 1629 3469 1696 inclusa
3497 1648 3869 1715 papyromm
3907 1627 4169 1714 copticis
4199 1626 4436 1693 litteris

1340 1762 1496 1826 quae
1543 1742 1835 1809 dicuntur
1871 1740 2153 1822 saiticae,
2202 1742 2439 1809 saeculi
2484 1741 2693 1826 quinti
2739 1741 2840 1808 vel
2887 1742 3047 1808 sexti
3077 1743 3219 1826 post
3251 1741 3592 1809 Christum.
3643 1742 3715 1808 In
3749 1742 3828 1808 N.
3883 1743 4030 1818 136,
4079 1740 4244 1807 inter
4290 1739 4434 1814 alia,

1339 1855 1757 1939 fragmentum
1803 1857 2090 1921 servatur
2134 1854 2299 1938 quod
2343 1853 2595 1920 videtur
2637 1852 3045 1936 psalmorum.

2021 2419 2829 2520 PAPYRUM
2922 2417 3481 2521 LXXXI
3524 2415 3716 2521 V.⁰¹¹

2755 2840 2835 2907 N.
2886 2842 3034 2907 137.

1527 3024 1904 3109 Fragmenta
1947 3043 2010 3089 u.
2059 3042 2108 3088 s.
2156 3040 2316 3105 quae
2361 3021 2658 3088 videntur
2703 3020 2782 3085 ad
2830 3039 3071 3087 sacram
3115 3021 3470 3087 concionem
3513 3020 3841 3103 pertinere.

2547 3257 3258 3266 ——————————

2073 3586 2870 3691 PAPYRUM
2975 3583 3701 3693 LXXXV.⁰¹¹

2760 4015 2839 4081 N.
2894 4016 3039 4082 138.

1527 4188 1906 4279 Fragmenta
1951 4215 2011 4260 u.
2060 4216 2108 4259 s,
2159 4195 2420 4262 fortasse
2466 4196 2770 4262 sermonis
2815 4196 2917 4262 vel
2963 4195 3394 4264 commentarii
3441 4198 3602 4262 sacri
3647 4199 3873 4264 textus,

1513 4435 1580 4505 (¹)
1617 4433 1767 4490 Haec
1804 4434 2109 4505 fragmenta
2145 4435 2358 4505 copi-ica
2395 4436 2699 4491 examinata.
2737 4434 2955 4490 fuerunt
2992 4453 3025 4490 a
3058 4452 3166 4490 rev.
3205 4451 3256 4505 p.
3294 4435 3600 4505 Augustino
3639 4432 3833 4491 Ciasca
3866 4450 4009 4492 nunc
4047 4433 4455 4504 archiepiscopo

1339 4528 1635 4584 Larissensi
1672 4532 1728 4583 et
1765 4545 1797 4582 a
1833 4528 1947 4582 viro
1987 4527 2289 4583 clarissimo
2326 4527 2618 4583 Francisco
2658 4528 2849 4583 Rossio
2886 4527 3058 4583 musei
3096 4528 3402 4600 aegyptiaci
3438 4528 3767 4584 taurinensis
3805 4528 4155 4584 moderatore.

2687 4881 3110 4943 FINIS
