5034 6400
2398 1629 3198 1735 PAPYRUM
3294 1628 3636 1736 XV.¹”‘

2557 2193 2636 2260 N.
2683 2194 2790 2260 56.
2834 2188 3124 2262 Folium
3167 2190 3487 2264 unicum.

1661 2415 2103 2503 Fragmentum
2148 2417 2378 2485 litteris
2425 2417 2908 2504 hieroglyphicis
2954 2419 3024 2497 et
3059 2418 3263 2485 tribus
3307 2417 3522 2504 figuris
3553 2416 3816 2513 depictus
3845 2416 4251 2484 illustratum.
4283 2416 4559 2484 Litterae

1492 2531 1643 2596 sunt
1684 2528 1964 2596 vicissim
2010 2530 2368 2615 suppositae
2413 2530 2480 2596 in
2526 2530 2835 2598 sexdecim
2879 2531 3090 2613 parvis
3134 2529 3473 2597 columnis:
3521 2532 3587 2597 et
3645 2530 3713 2596 in
3764 2530 3900 2598 octo
3945 2531 4091 2596 sunt
4133 2528 4315 2596 rubro
4359 2529 4562 2596 colore

1483 2640 1776 2726 insignes.
1824 2640 2091 2728 Figurae
2138 2642 2430 2709 exhibent
2476 2643 2605 2708 tres
2649 2642 3016 2708 divinitates
3059 2642 3277 2708 mundi
3324 2641 3733 2709 subterranei.

1665 2779 1957 2848 Continet
1978 2782 2219 2865 partem
2241 2781 2391 2847 libri
2412 2780 2858 2864 hemisphaerii
2880 2780 3187 2847 inferioris
3211 2799 3321 2847 seu
3341 2749 3809 2905 5305&
3822 2752 3895 2901 ἔ
3916 2758 3986 2904 (ᾗ)
4006 2778 4036 2846 ἐ
4053 2781 4133 2846 st
4178 2797 4211 2846 e
4225 2740 4305 2845 m,
4337 2780 4556 2861 Tuan.

1668 2926 2005 2995 Columnae
2049 2948 2190 2997 vero
2237 2931 2383 2995 sunt
2426 2927 2611 2996 valde
2657 2947 2870 2995 exesae
2917 2929 2981 2994 et
3025 2927 3379 2996 deficientes
3424 2933 3556 2997 tam
3598 2932 3782 2999 initio
3828 2950 4015 3016 quam
4062 2928 4128 2995 in
4178 2927 4319 3006 fine,
4352 2925 4446 2991 ita
4487 2925 4562 2990 ut

1484 3038 1652 3105 haud
1698 3042 1860 3106 certo
1905 3041 2253 3127 recognosci
2296 3039 2495 3124 possit
2540 3039 2642 3107 cui
2701 3039 2865 3125 parti
2924 3039 3101 3106 illius
3160 3040 3312 3107 libri
3372 3041 3786 3128 fragmentum
3836 3044 3953 3111 hoo
4002 3041 4321 3109 referatur.
4377 3037 4562 3105 Caret

1492 3149 1739 3219 nomine
1785 3150 2062 3221 defuncti
2107 3154 2179 3219 ut
2221 3171 2355 3220 mos
2403 3155 2499 3221 est
2542 3153 2609 3221 in
2653 3152 3009 3239 hujusmodi
3055 3152 3456 3221 documentis.

2368 3903 3172 4009 PAPYRUM
3262 3906 3686 4014 ΧἾῙΙ.ΠΜ

2567 4471 2650 4538 Ν.
2696 4473 2803 4538 57.
2847 4467 3132 4539 Folium
3176 4466 3495 4539 unicum.

1669 4694 1942 4760 Parvum
1987 4693 2406 4780 fragmentum
2451 4693 2727 4778 ejusdem
2777 4693 2932 4759 libri
2991 4692 3436 4778 hemisphaerii
3481 4692 3788 4761 inferioris
3842 4693 3953 4762 sed
4015 4695 4250 4763 litteris
4316 4697 4563 4764 omnino

1493 4823 1726 4871 carens.
1775 4801 2116 4890 Supersunt
2158 4806 2365 4890 partes
2410 4806 2658 4871 tantum
2687 4804 3006 4890 geniorum
3036 4804 3256 4870 mundi
3287 4804 3670 4871 subterranei
3716 4805 3826 4890 qui
3867 4825 4086 4873 navem
4117 4806 4280 4875 Solis
4311 4808 4560 4876 ducunt.
