5034 6400
1966 633 2057 645 -.
2100 616 2149 665 v
2190 634 2274 646 ...-

575 755 794 822 genere
840 739 1135 820 delibare,
1183 740 1249 806 in
1292 740 1561 826 gratiam
1605 740 1976 824 praesertim
2022 758 2231 807 eorum
2290 740 2399 823 qui
2457 740 2526 806 in
2585 741 2701 807 hac
2768 741 3087 824 provincia
3153 740 3357 808 minus
3431 739 3662 808 versati

578 875 741 952 sunt,
788 872 1048 940 fortasse
1090 876 1500 958 opportunum
1551 893 1748 958 neque
1794 873 1947 940 adeo
1992 874 2218 941 inutile
2264 873 2546 940 arbitror.
2579 873 2676 940 De
2719 875 2939 959 papyri
2983 875 3205 940 natura
3247 893 3320 940 ac
3368 840 3442 941 de
3487 873 3668 940 illius

579 1006 959 1076 confectione
1004 1007 1256 1092 scripsit
1300 1007 1546 1075 Plinius
1591 1009 1657 1074 in
1702 1008 2031 1075 tritissimo
2079 1008 2191 1074 fflo
2234 1010 2575 1077 Historiae
2622 1008 2947 1077 naturalis
3005 1006 3139 1075 loco
3183 1008 3295 1094 (Η.
3342 1007 3422 1074 Ν.
3470 1007 3657 1087 XIII,

578 1143 684 1218 22,
733 1140 870 1225 23),
913 1141 1008 1207 ita
1049 1142 1124 1207 ut
1166 1140 1409 1224 aliquid
1455 1141 1530 1208 de
1576 1141 1693 1207 hac
1740 1161 1807 1208 re
1859 1141 2060 1208 dicere
2115 1141 2492 1224 superfluum
2543 1140 2793 1206 omnino
2849 1139 3154 1207 videatur.
3203 1139 3445 1226 Papyra
3489 1140 3651 1207 anti-

576 1275 794 1360 quiora
834 1274 940 1342 vel
982 1274 1462 1361 hieroglyphicis
1508 1274 1609 1343 vel
1651 1276 1973 1343 hieraticis
2018 1273 2252 1342 litteris
2298 1275 2547 1341 exarata
2579 1275 2757 1355 sunt3
2790 1275 3098 1358 scriptura
3142 1282 3298 1359 quae
3343 1275 3647 1341 hieratica

570 1407 800 1475 dicitur
842 1408 1003 1476 nihil
1049 1408 1223 1475 aliud
1267 1429 1454 1493 quam
1498 1408 1928 1495 compendium
1972 1408 2469 1495 hieroglyphicas
2517 1407 2826 1492 appellari
2859 1410 3098 1492 potest:
3146 1408 3453 1476 demotica
3479 1427 3641 1488 vero,

566 1540 827 1610 formam
873 1545 1065 1613 etiam
1108 1542 1452 1611 breviorem
1500 1536 1814 1623 exhibenS,
1846 1545 1911 1609 in
1972 1542 2302 1623 recentiori
2365 1544 2618 1609 tautum
2680 1544 2886 1609 aetate
2939 1542 3210 1627 adparet.
3273 1543 3349 1608 In
3407 1542 3657 1626 papyris

571 1675 1053 1761 hieroglyphicis
1098 1674 1376 1763 legendis
1423 1675 1843 1760 incipiendum
1889 1676 1985 1742 est
2030 1675 2106 1741 ab
2152 1694 2223 1740 eo
2267 1675 2481 1753 latere,
2518 1674 2599 1740 ad
2643 1673 2804 1758 quod
2833 1675 3172 1761 figurarum
3214 1675 3421 1759 capita
3465 1675 3651 1759 respi-

569 1808 777 1875 ciunt:
822 1808 1157 1876 hieraticae
1181 1828 1342 1890 vero,
1374 1809 1806 1892 inscriptiones
1837 1809 1902 1874 et
1932 1808 2272 1875 demoticae
2303 1827 2545 1892 semper
2579 1827 2618 1874 a
2650 1807 2861 1874 dextra
2891 1804 2971 1874 ad
3014 1808 3257 1874 laevam
3294 1807 3649 1893 procedunt.

580 1941 676 2008 De
719 1943 924 2008 aetate
966 1961 1332 2027 papyrorum
1376 1961 1414 2008 a
1457 1941 1987 2028 palaeographicis
2032 1940 2195 2006 notis
2239 1940 2604 2025 praesertim
2660 1939 2979 2023 Judicatur
3020 1943 3095 2007 ut
3137 1940 3211 2006 fit
3240 1940 3308 2006 in
3338 1940 3650 2007 codicibus

574 2075 1015 2159 manuscriptis
1080 2074 1319 2162 graecis
1379 2075 1565 2158 atque
1618 2073 1853 2140 latinis.
1915 2074 2289 2157 Plerumque
2349 2074 2719 2156 antiquiora,
2781 2074 2912 2141 sive
2970 2073 3450 2160 hieroglyphica,
3522 2074 3654 2139 sive

571 2206 890 2287 hieratica,
937 2207 1182 2276 litteras
1226 2208 1460 2275 habent
1501 2208 1813 2295 largiores,
1860 2208 1927 2273 in
1975 2209 2419 2274 recentioribus
2465 2208 2645 2294 sigua
2688 2210 2834 2274 sunt
2879 2207 3066 2274 exilia
3111 2210 3176 2274 et
3220 2207 3425 2275 densa.

736 2339 1229 2425 Antiquissimae
1259 2341 1702 2427 Aegyptiorum
1747 2341 2143 2408 litteraturae
2189 2342 2552 2409 thesaurum
2588 2343 2713 2409 fere
2742 2342 2944 2408 totum
2971 2361 3203 2427 papyra
3240 2341 3419 2408 nobis
3449 2347 3654 2409 osten-

560 2475 750 2541 dunt:
783 2475 1011 2560 quippe
1042 2475 1109 2541 in
1139 2475 1295 2559 ipsis
1325 2475 1503 2542 illius
1534 2475 1749 2560 populi
1777 2475 2120 2562 religioniS,
2153 2476 2601 2560 philosophiae,
2648 2477 2962 2555 historiae,
3011 2478 3280 2560 poeseos,
3329 2476 3544 2543 nativa
3588 2478 3653 2543 et

563 2609 833 2697 genuina
877 2608 1245 2676 documenta
1274 2611 1618 2677 servantur.
1650 2609 1874 2675 Omnia
1902 2609 2055 2676 haec
2086 2608 2190 2675 vel
2219 2608 2703 2696 hieroglyphicis
2737 2609 2840 2676 vel
2869 2609 3190 2675 hieraticis
3219 2609 3450 2676 litteris
3496 2611 3644 2675 sunt

566 2744 847 2811 exarata:
880 2742 1187 2810 demotica
1227 2745 1435 2809 autem
1479 2761 1709 2828 papyra
1754 2745 1864 2810 aut
1909 2743 2203 2827 epistolas
2250 2745 2360 2809 aut
2404 2744 2935 2829 computationum
2981 2744 3276 2810 formulas
3323 2744 3635 2811 exhibent.

730 2877 1139 2946 celebriorem
1183 2877 1418 2945 famam
1446 2877 1611 2962 apud
1640 2878 2073 2965 aegyptologos
2117 2879 2268 2944 haec
2313 2897 2547 2964 papyra
2596 2879 2897 2958 obtinent,
2931 2897 3086 2962 quae
3131 2880 3378 2945 nomine
3426 2879 3639 2945 inven-

555 3013 708 3079 toris
754 3014 864 3080 aut
905 3013 1289 3097 possessoris,
1336 3014 1434 3080 uti
1481 3014 1657 3094 solet,
1703 3012 2009 3080 indicabo.

909 3152 945 3217 1
987 3148 1212 3218 Abbot.
1259 3184 1347 3196 —
1377 3147 1768 3215 Relationem
1805 3146 2034 3231 ⁸iudicii
2080 3146 2356 3214 continet
2400 3148 2475 3214 de
2538 3147 2872 3216 violatione
2931 3148 3369 3233 sepulcrorum.
3416 3148 3636 3235 (Extat

558 3282 625 3348 in
669 3279 887 3348 Museo
931 3280 1355 3365 Londineusi).

907 3417 955 3484 2
999 3416 1311 3483 Anastasi
1352 3418 1432 3482 N.
1479 3418 1534 3482 1.
1580 3449 1670 3463 —
1699 3414 1774 3479 In
1837 3433 1906 3482 eo
1951 3414 2184 3501 legitur
2229 3414 2564 3499 descriptio
2611 3413 2854 3480 itineris
2885 3415 3173 3500 anonymi
3201 3414 3498 3501 Aegyptii
3527 3435 3638 3500 per

552 3547 813 3635 Syriam,
862 3549 1260 3615 Phoeniciam
1305 3549 1370 3615 et
1412 3549 1836 3616 Palaestinam
1878 3549 2123 3615 saeculo
2169 3550 2312 3615 ante
2369 3548 2687 3616 Christum
2732 3547 2906 3614 XIV.
2956 3548 3216 3614 Editum
3285 3549 3349 3614 et
3415 3547 3622 3615 decla-

555 3687 761 3752 ratum
791 3677 888 3750 est
918 3703 957 3749 a
987 3682 1294 3750 Chabasio
1324 3684 1390 3749 in
1419 3684 1728 3767 praeclaro
1759 3702 1975 3767 opere:
2025 3687 2269 3770 Voyaqe
2300 3683 2453 3750 d’zm
2484 3674 2805 3771 E'qyptien
2851 3703 2926 3751 en
2977 3685 3199 3769 Syrie,
3227 3703 3301 3751 en
3326 3684 3632 3752 Phenicie

550 3825 610 3887 et
654 3839 730 3886 en
775 3818 1119 3886 Palestine.
1171 3821 1390 3894 Paris,
1438 3819 1635 3887 1866.
1682 3818 1788 3904 (Iu
1833 3817 2051 3885 Museo
2101 3815 2517 3901 Londinensi).

903 3953 945 4019 3
992 3951 1211 4018 Ebers.
1258 3988 1348 3999 —
1390 3950 1545 4037 Agit
1589 3950 1665 4017 de
1708 3950 2181 4018 medicamentis
2227 3951 2290 4017 et
2335 3970 2545 4017 eorum
2575 3950 3082 4034 proprietatibus.
3116 3951 3344 4018 Textus
3390 3949 3636 4017 videtur

556 4086 781 4152 aetatis
806 4084 1277 4168 antiquissimae
1304 4084 1623 4170 dynastiae
1646 4086 1811 4165 IV·0‚
1831 4084 1938 4151 sed
1962 4084 2149 4152 codex
2173 4087 2270 4151 est
2290 4085 2648 4153 recentioris
2672 4086 2949 4172 aevi.(1n
2965 4085 3183 4154 Museo
3197 4083 3634 4168 Berolinensi).

903 4222 949 4285 4
991 4221 1238 4288 Barris
1286 4220 1364 4285 N.
1412 4223 1465 4286 1.
1535 4254 1623 4266 -
1691 4217 1940 4284 Dicitur
2004 4238 2306 4304 papyrum
2374 4220 2723 4306 magicum,
2787 4221 2935 4303 quia
3000 4219 3296 4286 formulas
3359 4218 3634 4286 continet

546 4350 1042 4418 fascinationum.
1091 4351 1193 4437 (111
1238 4350 1456 4418 Museo
1501 4351 1922 4436 Loudinensi).

905 4491 951 4554 5
996 4489 1238 4555 Harris
1286 4489 1363 4553 N.
1411 4488 1479 4555 2.
1510 4522 1598 4535 —
1630 4487 1784 4553 Pars
1816 4485 1949 4570 ejus
1993 4471 2326 4571 praecipua
2369 4488 2633 4572 praebet
2679 4488 3118 4560 allocutionem
3162 4487 3477 4554 Ramsetis
3522 4486 3627 4552 111

550 4618 868 4705 dynastiae
912 4620 1101 4686 XX⁸0
1148 4619 1227 4687 ad
1271 4620 1579 4705 principes
1622 4620 1912 4706 Aegypti,
1959 4639 2115 4705 quae
2145 4620 2225 4687 ad
2254 4620 2583 4687 historiam
2619 4621 2799 4687 illius
2831 4621 3126 4705 temporis
3171 4621 3623 4689 restituendam

544 4752 756 4838 magni
800 4753 1100 4820 momenti
1146 4755 1258 4820 est.
1306 4754 1411 4840 (In
1455 4753 1674 4821 Museo
1717 4754 2143 4838 Londinensi).
2236 4799 2249 4824 .

902 4889 942 4955 6
996 4888 1307 4975 Orbyney.
1355 4923 1443 4936 —
1488 4888 1855 4954 Parabolam
1903 4887 2151 4954 exhibet
2181 4890 2313 4956 sive
2344 4889 2623 4954 fabulam
2672 4889 2747 4954 de
2794 4889 3030 4955 duobus
3064 4888 3379 4969 fratribuS,
3411 4888 3511 4954 cui
3546 4888 3624 4954 ab

542 5022 961 5108 aegyptologis
1006 5041 1226 5091 nomen
1272 5023 1542 5090 inditum
1589 5025 1725 5090 est:
1775 5027 1861 5090 Le
1904 5043 2128 5092 roman
2177 5023 2286 5091 des
2332 5022 2501 5092 deux
2532 5026 2769 5110 freres.
2805 5024 2907 5110 (In
2948 5023 3164 5091 Museo
3196 5020 3622 5107 Londinensi).
