5034 6400
1996 625 2217 690 —⁸49
2262 650 2353 661 .—

1314 1633 2408 1739 FRAGMEN'PUM
2496 1625 3043 1734 LIN'PEI

1984 2220 2063 2286 N.
2113 2221 2216 2297 58,
2268 2221 2373 2286 59.

815 2450 1315 2516 Emonam-uu
1358 2466 1593 2514 mun-:1
1644 2445 1879 2513 litteris
1938 2443 2419 2530 hieroglyphicis
2482 2446 2546 2510 et
2606 2441 2823 2529 figuris
2884 2439 3153 2525 depictis
3213 2439 3626 2521 illustratum,
3672 2442 3742 2508 in

632 2591 788 2656 duas
820 2591 1028 2672 partes
1074 2585 1366 2653 divisum.
1399 2621 1488 2633 —
1520 2584 1816 2652 Continet
1844 2583 2047 2650 lineas
2076 2582 2377 2666 quasdam
2407 2600 2479 2647 ex
2510 2581 2677 2648 libro
2724 2548 2879 2698 [Ξῖ-*Ξ
2897 2553 3047 2707 ᾗ
3066 2593 3136 2661 [Π
3159 2553 3410 2705 {P
3439 2603 3481 2668 p
3502 2601 3583 2651 er
3628 2600 3744 2649 em

637 2739 682 2804 h
698 2758 731 2805 e
748 2758 861 2816 ru,
897 2735 1008 2804 sed
1028 2735 1280 2803 litterae
1312 2737 1459 2800 sunt
1486 2752 1735 2818 prorsus
1769 2732 2068 2800 evanidas
2099 2734 2162 2798 et
2192 2734 2399 2797 textus
2428 2730 2602 2796 haud
2631 2729 2819 2797 facile
2853 2730 3204 2817 recognosci
3224 2730 3450 2814 potest.
3477 2727 3746 2795 Videtur

636 2852 848 2916 tamen
893 2867 1036 2933 pars
1082 2846 1311 2914 veteris
1354 2845 1732 2913 recensionis
1777 2846 1842 2912 et
1886 2843 2146 2912 fortasse
2192 2840 2419 2909 aetatis
2465 2841 2791 2927 dynastiae
2837 2841 3070 2908 XIX⁸⁰.

817 3074 894 3138 In
939 3071 1019 3138 N.
1070 3073 1177 3139 58.
1228 3071 1486 3138 Pictura
1531 3070 1785 3137 exhibet
1827 3072 2069 3154 partem
2113 3068 2380 3153 primam
2425 3067 2848 3136 caeremoniae
2894 3067 3195 3146 funebris,
3242 3085 3354 3134 seu
3398 3066 3750 3134 sacerdotes

641 3186 749 3271 qui
794 3187 1046 3252 taurum
1091 3182 1172 3251 ad
1215 3182 1589 3250 sacrificium
1637 3182 1891 3249 ducunt.

816 3409 891 3475 In
936 3409 1029 3475 N..
1065 3412 1172 3477 59.
1217 3410 1543 3494 Aspicitur
1586 3408 1668 3475 ad
1712 3408 1913 3476 instar
1958 3407 2191 3474 orantis
2222 3405 2453 3473 mulier
2481 3405 2778 3472 defuncta
2808 3404 2986 3490 cujus
3017 3404 3280 3473 cadaver
3309 3404 3377 3471 in
3407 3405 3522 3471 hoc
3551 3403 3747 3471 linteo

639 3521 992 3589 involutum
1037 3521 1179 3589 fuit.
1227 3520 1470 3588 Nomen
1516 3520 1845 3587 defunctae
1891 3518 2297 3588 desideratur.

819 3742 1097 3854 Explicit
1127 3742 1231 3809 hic
1260 3743 1450 3810 series
1482 3742 1767 3809 codicum
1809 3743 2238 3829 aegyptiorum
2283 3743 2394 3829 qui
2440 3743 2519 3810 ad
2567 3744 2727 3811 hanc
2776 3743 2944 3811 diem
2990 3742 3055 3809 in
3100 3741 3504 3809 Bibliotheca
3550 3738 3753 3807 adser-

644 3860 886 3924 vantur.
936 3855 1182 3942 Papyra
1219 3873 1378 3939 quae
1423 3855 1767 3939 sequuntur
1808 3856 1957 3922 sunt
1999 3855 2066 3922 in
2110 3854 2352 3924 Museo.
