5034 6400
2747 640 3103 707 0-ssss-

2250 1310 3074 1416 PAPYRUM
3163 1313 3607 1421 XIX.⁰¹¹

2753 1711 2834 1777 N.
2882 1713 3109 1779 6263.

1552 1869 1866 1953 Papyrum
1910 1867 2145 1934 litteris
2192 1867 2680 1954 hieroglyphicis
2727 1869 2794 1935 et
2836 1868 3052 1955 figuris
3100 1867 3367 1953 depictis
3412 1868 3807 1937 illustratum
3860 1867 4182 1936 continens
4245 1871 4487 1952 partem

1377 1979 1533 2050 libri
1576 1999 1716 2064 per
1760 1999 1875 2046 em
1919 1979 2151 2059 heru,
2201 1978 2440 2045 duobus
2487 1979 2856 2066 fragmentis
2903 1984 3212 2048 constans.

1554 2091 1839 2159 Pertinet
1884 2091 1966 2157 ad
2010 2090 2346 2175 quamdam
2392 2090 2725 2158 mulierem
2770 2093 3054 2158 nomine:

2606 2200 3358 2357 ἐωῆέ

1371 2533 1532 2598 quae
1578 2516 1855 2581 vocatus.
1879 2514 2104 2580 etiam:
2719 2381 2770 2447 Τ
2787 2400 2825 2447 a
2840 2380 2936 2449 ka
2953 2400 3216 2581 τέοἶοῃ
3262 2515 3486 2581 matris
3533 2513 3671 2599 ejas
3717 2515 3886 2583 orat.

1684 2623 1913 2777 ΦΕ
1943 2628 2401 2818 ...ff-035]
2429 2621 2572 2777 Qffl
3467 2624 3786 2785 &RQ
3816 2623 4006 2778 Ἥ

1961 2800 2300 2867 Taakua.
3459 2802 3660 2871 Nes·
3670 2803 3881 2884 Hor·
3893 2802 4021 2869 RE.

1372 2935 1491 3000 Est
1535 2934 1720 3001 valde
1766 2937 2126 3018 corruptum
2173 2936 2236 3000 et
2281 2934 2648 3000 lacunosum
2696 2935 2758 3000 et
2804 2933 3054 3000 videtur
3095 2934 3460 3020 recentioris
3507 2934 3757 3001 aetatis.

1555 3117 1632 3183 N.
1683 3119 1790 3183 62.
1838 3117 2022 3204 (Pars
2072 3114 2398 3202 superior).

1552 3252 1845 3321 Continet
1890 3253 2132 3335 partem
2178 3253 2383 3318 textus
2432 3252 2833 3319 confessionis
2881 3250 3211 3319 defunctae
3272 3255 3416 3319 ante
3478 3252 3621 3322 deos
3681 3251 3911 3320 inferos
3972 3250 4169 3318 socios
4216 3249 4483 3318 Osiridis

1374 3383 1520 3432 cum
1564 3364 2060 3432 invocationibus
2108 3364 2536 3442 divinitatum,
2585 3383 2743 3449 quae
2789 3365 3107 3449 pertinent
3153 3365 3229 3431 ed
3275 3384 3411 3450 cap.
3463 3364 3718 3433 CXXV.

1553 3543 1633 3609 N.
1681 3545 1788 3610 63.
1836 3543 2020 3630 (Pars
2065 3541 2367 3628 inferior).

1551 3675 1890 3744 Commu
1934 3677 1986 3742 Ι.
2034 3676 2283 3744 Tabula
2330 3676 2620 3761 exprimit
2654 3676 2968 3761 judicium
3000 3676 3270 3743 Osiridis
3302 3677 3369 3744 in
3399 3675 3677 3743 Amenti.
3713 3677 4027 3744 Defuncta
4056 3677 4245 3743 talari
4275 3679 4489 3743 tunica

1371 3788 1593 3856 induta
1638 3791 1702 3855 et
1747 3788 2021 3855 brachiis
2067 3789 2336 3855 extensis
2384 3790 2620 3856 orantis
2666 3788 2748 3855 ad
2793 3790 2992 3855 instar
3036 3791 3167 3856 stat
3212 3792 3356 3856 ante
3400 3789 3694 3857 thronum
3742 3788 4011 3855 Osiridis
4065 3809 4252 3873 prope
4299 3788 4482 3855 deum

1375 3901 1536 3967 Thot
1579 3919 1725 3967 cum
1768 3898 2071 3986 pugillari
2118 3902 2184 3966 et
2227 3899 2407 3984 stylo.
2434 3898 2630 3983 Apud
2660 3898 2889 3965 libram
2920 3900 2987 3965 in
3020 3919 3141 3984 qua
3173 3901 3448 3967 actiones
3478 3900 3896 3985 ponderantur
3924 3900 4102 3969 sedet
4144 3903 4486 3968 monstrum

1374 4011 1696 4078 infernale.
1746 4010 1991 4078 Anubis
2036 4011 2487 4097 psycostasiam
2534 4010 2752 4097 dirigit
2798 4014 2864 4077 et
2909 4010 3200 4078 defuncta
3246 4013 3386 4096 ipsa
3422 4031 3644 4079 manus
3682 4012 3951 4097 imponit
3990 4012 4272 4079 dexterae
4318 4012 4486 4078 lanei

1377 4127 1447 4190 ut
1494 4124 1942 4207 aequilibrium
1987 4124 2117 4189 fiat.

1552 4324 1889 4393 Commu
1935 4325 2021 4391 ΙΙ.
2070 4326 2145 4391 In
2191 4325 2413 4391 tabula
2461 4325 2763 4409 aspicitur
2826 4325 2941 4391 dea
3001 4324 3136 4391 Nut
3197 4344 3355 4408 quae
3416 4344 3489 4393 ex
3542 4325 3757 4393 arbore
3810 4325 4151 4411 symbolico
4202 4326 4490 4410 prodiens

1376 4436 1734 4503 defunctam
1778 4456 1940 4521 aqua
1982 4437 2328 4523 refrigerat.
2377 4438 2553 4503 Haec
2597 4437 2819 4503 tabula
2864 4439 3108 4522 spectat
3153 4438 3235 4504 ad
3280 4456 3414 4521 cap.
3465 4437 3646 4504 LVII
3708 4438 3812 4504 vel
3870 4437 3952 4505 ad
4010 4458 4143 4524 cap.
4194 4439 4361 4505 LIX.
4412 4440 4489 4505 In

1370 4550 1542 4614 textu
1588 4548 1854 4632 capituli
1900 4549 2016 4615 sub
2062 4549 2179 4614 hac
2224 4548 2448 4615 tabula
2493 4548 2732 4635 legitur
2776 4568 3000 4616 nomen
3047 4547 3380 4615 defunctae
3430 4551 3493 4615 et
3538 4550 3760 4616 matris
3808 4548 3963 4634 ejus.

1553 4774 1891 4843 COLUMNA
1937 4775 2061 4842 III.
2110 4774 2434 4860 Aspicitur
2479 4794 2669 4842 vacca
2714 4746 3059 4860 symbolica
3104 4794 3261 4860 quae
3308 4775 3543 4843 Isidem
3603 4776 3897 4860 exprimit
3957 4778 4020 4842 et
4078 4775 4351 4860 pertinet
4410 4777 4489 4841 ad

1372 4886 1657 4953 tabulam
1689 4907 1822 4971 cap.
1859 4887 2118 4955 CLXII.
2151 4888 2378 4955 Textus
2412 4888 2670 4954 inferior
2714 4889 2811 4954 est
2854 4886 3040 4955 valde
3085 4888 3418 4956 lacunosus
3465 4891 3530 4956 et
3575 4888 3708 4973 ejus
3754 4888 3984 4955 titulus
4031 4906 4147 4954 non
4197 4886 4485 4973 adparet3

1374 4998 1508 5081 ipse
1553 4997 1917 5083 conjunctus
1963 5003 2060 5068 est
2104 4999 2229 5067 alio
2277 5000 2625 5087 fragmento
2668 4999 2834 5083 quod
2878 5000 3155 5096 pertinet
3200 5000 3281 5067 ad
3325 5001 3769 5069 confessionem
3816 5020 3949 5085 cap.
4001 5000 4255 5069 CXXV.

4981 6313 5007 6371 Η
