5034 6400
1892 680 1980 693 -.
2027 663 2100 709 Ιχ
2149 677 2235 689 ...-

693 801 938 883 Papyra
982 795 1404 862 bibliothecae
1448 790 1794 867 vaticanae,
1839 805 1998 871 quae
2043 786 2158 851 hoo
2205 783 2518 850 volumine
2565 781 2935 862 describam,
2960 783 3088 850 fere
3120 787 3346 851 cuncta
3375 784 3616 853 funerei

521 931 873 1023 argumenti
917 929 1155 1013 scripta
1200 926 1512 994 exhibent.
1560 922 1842 990 Maxima
1869 938 2014 1005 pars
2043 937 2417 1004 papyrorum
2448 917 2581 983 sive
2612 917 3100 1004 hieroglyphicis
3131 917 3264 985 sive
3293 919 3621 987 hieraticis

518 1068 753 1137 litteris
795 1065 1074 1133 continet
1117 1063 1356 1129 librum
1399 1079 1441 1143 p
1459 1078 1541 1126 er
1586 1076 1620 1124 e
1638 1077 1702 1122 m
1746 1057 1943 1123 heru
1990 1054 2091 1121 vel
2139 1071 2349 1138 preces
2395 1071 2468 1120 ex
2514 1053 2628 1118 hoc
2661 1051 2823 1119 libro
2855 1052 3269 1137 depromptas,
3316 1054 3446 1121 alia
3473 1059 3621 1123 sunt

525 1204 602 1271 de
629 1201 794 1268 libro
823 1194 1246 1281 hemisphaeri
1291 1189 1618 1263 inferioris,
1663 1208 1859 1256 unum
1903 1189 1969 1254 et
2013 1185 2267 1270 quidem
2312 1185 2527 1271 magni
2571 1185 2873 1251 momenti
2920 1184 2996 1251 de
3033 1186 3297 1273 magicis
3341 1187 3624 1254 incanta-

527 1334 805 1403 tionibus
852 1331 1019 1418 agit:
1068 1327 1418 1414 fragmenta
1466 1324 1659 1390 etiam
1703 1341 1824 1388 non
1856 1320 2084 1388 desunt
2125 1317 2424 1386 formulas
2456 1318 2990 1401 computationum
3020 1321 3132 1385 aut
3162 1319 3467 1387 hieratica
3511 1325 3637 1397 aut,

532 1466 845 1533 demotica
866 1462 1178 1547 scriptura
1207 1463 1489 1526 exaratas
1515 1455 1893 1525 exhibentia.
1920 1453 2311 1520 Documenta
2334 1451 2601 1534 denique
2625 1471 2783 1535 quae
2814 1450 2895 1518 ad
2926 1451 3331 1520 recentiorem
3351 1454 3628 1540 Aegypti

532 1604 803 1668 aetatem
847 1596 1163 1683 pertinent
1208 1595 1340 1661 sive
1386 1610 1643 1679 graecae
1689 1590 1823 1657 sive
1867 1589 2146 1672 copticae
2191 1587 2443 1673 linguae
2488 1586 2714 1653 seriem
2759 1605 3131 1672 papyrorum
3164 1589 3558 1656 concludunt.

710 1733 1015 1803 Recensio
1060 1751 1099 1798 a
1142 1728 1393 1816 papyris
1426 1747 1584 1812 quae
1614 1725 1818 1794 adhuc
1864 1724 1931 1791 in
1961 1722 2399 1791 Bibliothecae
2442 1721 2678 1805 pluteis
2724 1725 3051 1789 servantur
3085 1723 3340 1790 initium
3385 1730 3629 1805 sumet3

534 1870 704 1937 hisce
752 1866 1076 1943 absolutiS‚
1125 1862 1207 1930 ad
1251 1862 1371 1929 illa
1414 1861 1696 1947 pleniora
1741 1877 1901 1942 quae
1932 1859 1997 1924 in
2031 1858 2249 1924 Museo
2294 1856 2678 1943 Aegyptiaco
2724 1858 3002 1941 exposita
3045 1860 3192 1925 sunt
3234 1859 3463 1945 gradus
3503 1859 3631 1926 fiet.

541 2004 938 2071 Postremum
982 1998 1188 2065 locum
1236 1997 1607 2063 documenta
1672 1992 2017 2061 recentiora
2083 1991 2214 2057 sive
2257 2009 2480 2076 graeca
2548 1989 2680 2057 sive
2738 1991 2981 2075 coptica
3026 1994 3157 2057 tam
3203 1992 3638 2061 Bibliothecae

538 2155 726 2221 quam
772 2133 981 2200 Musei
1026 2129 1434 2214 occupabunt.
1484 2126 1841 2211 Descriptio
1887 2126 2009 2191 erit
2054 2125 2261 2191 brevis
2306 2127 2371 2190 et
2415 2127 2719 2208 quantum
2763 2124 2901 2191 fieri
2945 2129 3153 2209 potest
3183 2126 3405 2209 plena;
3454 2146 3636 2215 argu..

539 2270 820 2335 mentum
864 2263 1118 2341 codicis,
1165 2281 1390 2329 nomen
1437 2260 1718 2328 defuncti
1762 2259 1842 2326 ad
1888 2278 2073 2343 quem
2120 2258 2232 2324 ille
2274 2256 2585 2342 pertinuit
2630 2260 2694 2324 et
2738 2263 2910 2325 aetas
2957 2259 3332 2341 documenti,
3382 2262 3438 2327 si
3482 2262 3639 2329 haec

557 2402 926 2475 innotescat,
988 2396 1437 2464 enuntiabitur.
1501 2394 1818 2480 Imagines
1865 2393 2092 2477 quibus
2136 2411 2367 2477 papyra
2412 2391 2779 2476 quandoque
2826 2396 3195 2461 exornantur
3240 2396 3638 2479 explicabun-

546 2540 668 2609 tur,
716 2535 1042 2602 titulorum
1093 2531 1359 2615 deniqne
1390 2533 1455 2597 et
1485 2531 1681 2597 etiam
1711 2528 2156 2595 notabiliorum
2202 2527 2483 2612 partium
2529 2527 2784 2594 dabitur
2813 2529 3266 2613 interpretatio.
3315 2529 3640 2615 Specimen

547 2667 800 2734 tandem
847 2664 1318 2749 phototypicum
1363 2681 1735 2748 papyrorum
1781 2662 1897 2728 hoc
1943 2661 2235 2728 volumen
2280 2660 2632 2728 concludet.

733 2800 943 2867 Huius
989 2799 1428 2882 descriptionis
1473 2816 1617 2881 pars
1664 2796 1868 2881 prima
1912 2815 2107 2880 usque
2150 2796 2232 2862 ad
2276 2816 2579 2882 papyrum
2623 2797 2814 2863 XVII
2875 2799 2954 2864 N.
3003 2802 3090 2868 60
3150 2801 3342 2885 (quod
3388 2801 3647 2886 explicit

553 2954 693 3021 pag.
742 2932 858 3016 62)
906 2934 969 2999 in
1016 2933 1223 2998 lucem
1269 2930 1504 3016 prodiit
1549 2949 1708 2996 anno
1759 2931 1958 3010 1889,
2009 2933 2073 2997 et
2116 2949 2329 2998 mense
2374 2929 2724 3015 Septembri
2786 2930 3066 3016 ejusdem
3127 2936 3273 3002 anni
3322 2956 3459 3003 eam
3503 2957 3647 3004 con·

557 3069 771 3135 ventui
830 3066 911 3133 ad
970 3065 1180 3133 studia
1239 3084 1444 3132 rerum
1503 3063 1905 3131 orientalium
1964 3063 2357 3148 provehenda
2418 3062 2812 3133 Stockolmae
2871 3068 2938 3133 in
2999 3066 3214 3136 Svetia
3260 3070 3493 3137 indicto
3540 3071 3650 3136 Bi-

557 3204 905 3270 bliothecae
950 3202 1305 3268 Vaticanae-
1339 3198 1588 3267 nomine
1634 3198 1859 3266 obtuli.
1907 3198 1983 3266 In
2028 3201 2142 3267 hoc
2196 3200 2585 3266 nobilissimo
2630 3200 2947 3269 doctorum
3000 3203 3322 3271 hominum
3366 3225 3653 3273 consessu

560 3340 638 3406 de
682 3337 913 3405 studiis
958 3354 1166 3402 rerum
1214 3334 1726 3421 aegyptiacarum
1778 3333 1843 3399 in
1898 3333 2052 3400 urbe
2104 3334 2294 3401 verba
2351 3334 2492 3412 feci,
2542 3335 2616 3401 de
2662 3336 2779 3403 hac
2827 3335 3237 3422 descriptione
3281 3359 3653 3426 papyrorum

563 3472 853 3551 disserui,
924 3469 1171 3554 aliquid
1230 3468 1308 3536 de
1367 3467 1720 3553 praecipuis
1778 3468 2030 3552 papyris
2091 3468 2377 3535 delibans
2435 3470 2501 3535 et
2551 3471 2923 3553 praesertim
2983 3471 3060 3538 de
3120 3491 3349 3558 papyro
3409 3476 3652 3561 magico

564 3611 653 3692 (y.
699 3625 841 3692 pag.
892 3606 971 3670 91
1024 3602 1243 3688 seqq.).
1291 3602 1570 3669 Tandem
1614 3603 1866 3686 plenam
1914 3600 2391 3685 descriptionem
2435 3603 2638 3670 musei
2684 3604 2881 3670 nostri
2926 3607 3275 3692 aegyptiaci
3323 3607 3503 3674 iussu
3548 3607 3655 3675 do-

567 3739 839 3807 ctissimi
881 3737 1196 3823 pontificis
1242 3736 1466 3802 Leonis
1513 3736 1679 3802 XIII
1727 3734 2027 3802 edendam
2073 3736 2393 3802 nuntiavi:
2442 3755 2601 3820 quae
2647 3737 2982 3822 descriptio
3027 3740 3155 3806 iam
3202 3761 3240 3808 a
3275 3761 3376 3808 me
3408 3742 3658 3828 incepta

567 3878 664 3941 est
693 3878 757 3940 et
803 3873 938 3940 eius
984 3871 1439 3940 continuationi
1485 3889 1739 3955 operam
1788 3869 2100 3954 impendo.

752 4006 936 4074 Nunc
980 4009 1192 4073 autem
1225 4005 1320 4071 nil
1347 4005 1509 4071 mihi
1553 4004 1959 4090 praefandum
2008 4008 2205 4072 restat
2232 4006 2358 4071 nisi
2402 4009 2476 4071 ut
2521 4024 2673 4089 opus
2719 4008 2835 4074 hoc
2865 4027 2984 4075 non
3015 4028 3204 4092 parvo
3249 4011 3462 4079 labore
3495 4012 3668 4080 abso·

573 4144 781 4210 lutum
828 4139 1371 4228 aegyptologorum
1416 4137 1847 4225 indulgentiae
1875 4138 2319 4218 commendem,
2367 4139 2516 4205 dum
2562 4142 2770 4207 animo
2801 4161 2975 4226 spem
3022 4145 3300 4229 concipio
3337 4146 3500 4213 illud
3529 4150 3661 4214 stu-

575 4277 767 4344 diosis
813 4293 1021 4343 rerum
1066 4272 1571 4359 aegyptiacarum
1617 4274 1941 4356 acceptum
1986 4274 2173 4357 atque
2218 4271 2377 4340 utile
2421 4272 2722 4340 futurum.

933 4408 1189 4486 Romae,
1237 4422 1449 4473 mense
1492 4406 1779 4491 Augusto
1826 4425 2192 4474 Mucccxm.

2693 4544 3051 4616 Horum-ms
3097 4547 3493 4618 Manuccm.

757 4785 1134 4858 monitum.
1179 4824 1270 4835 —
1329 4789 1573 4856 Titulos
1621 4789 1718 4856 vel
1763 4790 2117 4858 locationes
2161 4790 2474 4877 quasdam
2507 4810 2915 4880 papyrorum
2948 4798 3385 4866 transcribens
3415 4803 3672 4877 curavi,

583 4907 753 4971 siem
797 4903 869 4969 in
916 4920 1092 4968 more
1140 4908 1255 4976 est,
1304 4908 1375 4968 ut
1422 4902 1879 4986 interpretatio
1927 4909 2233 4987 quantum
2256 4904 2410 4988 fieri
2426 4906 2649 4990 potuit
2680 4906 3002 4975 litteralis
3031 4907 3330 4977 evaderet
3376 4919 3437 4979 et
3483 4914 3678 4979 etiam

584 5022 654 5083 ut
700 5012 979 5082 dictioni
1024 5012 1445 5099 aeqyptiaeae
1491 5011 1703 5079 latina
1747 5013 2200 5081 subticeretur.
2267 5013 2437 5082 Unde
2501 5016 2757 5102 factum
2802 5025 2918 5094 est,
2991 5027 3060 5087 ut
3106 5021 3677 5108 interpretationes

583 5129 763 5214 ipsae
810 5145 852 5191 a
886 5142 1099 5210 purae
1145 5124 1503 5191 latinitatis
1546 5124 1771 5210 forma
1818 5124 2168 5211 aliquando
2218 5126 2406 5211 lonqe
2450 5128 2759 5197 abierint.
