5034 6400
142 0 869 14 Z'ffl——h‘fflmae
888 0 939 8 —n

880 20 899 31 μ

2754 719 2844 733 -.
2887 702 2963 751 Ἦ
3005 718 3093 730 -

1748 825 1788 891 7
1831 826 2075 892 Prisce.
2100 856 2187 872 -
2212 822 2502 892 Continet
2544 823 2875 907 praecepta
2895 821 3148 888 moralis
3177 822 3628 907 philosophiae.
3662 819 3877 889 Scriba
3907 821 4084 889 cuius
4122 820 4463 889 sentcntiae

1386 956 1493 1023 hic
1537 957 1954 1036 enuntiantur,
2002 957 2200 1023 vitam
2245 958 2473 1044 agebat
2514 957 2581 1023 in
2634 956 2871 1040 palatio
2924 955 3089 1042 regis
3141 955 3348 1022 Assa
3406 954 3764 1022 Tatkara
3815 954 4138 1041 dynastiae
4190 954 4293 1034 V·‚
4340 952 4464 1021 sci-

1390 1092 1545 1159 licet
1602 1090 1848 1158 saeculo
1906 1092 2053 1157 ante
2115 1090 2436 1157 Christum
2498 1090 2852 1157 XXXHP:
2915 1088 3025 1156 sed
3085 1088 3272 1156 codex
3331 1089 3429 1155 est
3487 1088 3744 1156 fortasse
3804 1087 4160 1155 recentioris
4219 1087 4469 1155 aetatis.

1391 1226 1495 1313 (In
1539 1225 1935 1294 Bibliotheca
1978 1223 2368 1311 Parisiensi).

1748 1362 1791 1431 8
1844 1361 2092 1430 Sallier
2135 1364 2216 1428 N.
2261 1362 2317 1428 1.
2364 1395 2454 1408 —
2498 1359 2719 1445 Magni
2747 1359 2935 1442 pretii
2982 1359 3079 1427 est
3108 1357 3186 1424 ob
3217 1356 3634 1445 fragmentum
3662 1356 4029 1424 historicum
4060 1356 4136 1424 de
4164 1358 4473 1441 postrema

1394 1492 1597 1559 aetate
1641 1510 1857 1578 regum
1902 1493 2237 1575 pastorum.
2284 1488 2387 1576 (In
2432 1488 2651 1556 Museo
2696 1487 3120 1574 Londinensi).

1752 1627 1793 1693 9
1833 1625 2080 1693 Sallier
2101 1628 2181 1692 N.
2208 1625 2276 1692 2.
2298 1660 2388 1673 —
2409 1623 2752 1708 Praecepta
2781 1623 3057 1691 continet
3086 1622 3250 1710 regis
3280 1621 3523 1689 Amen
3541 1621 3812 1690 emhat
3840 1616 3892 1686 1¹
3921 1619 4244 1708 dynastiae
4272 1619 4468 1687 X11⁸0

1396 1758 1478 1824 ad
1520 1755 1724 1824 filium
1770 1758 2213 1826 Usertesen
2260 1757 2393 1824 1³³¹.
2441 1758 2545 1844 (In
2592 1756 2811 1825 Museo
2855 1754 3279 1839 Londinensi).
3421 1758 3424 1761 ’

1754 1895 1839 1962 10
1889 1893 2140 1962 Sallier
2186 1895 2266 1959 N.
2319 1897 2381 1963 3.
2427 1929 2515 1941 —
2559 1890 2802 1981 {Poema
2854 1891 3128 1958 continet
3184 1890 3497 1957 heroicum
3558 1890 3637 1957 de
3694 1888 3889 1976 gestis
3948 1887 4364 1955 Bamsetis
4407 1886 4476 1953 11

1402 2025 1722 2112 dynastiae
1766 2026 1990 2092 XIX⁸⁰
2036 2046 2075 2092 a
2119 2026 2324 2093 scriba
2370 2025 2734 2092 Pentaur
2777 2024 3207 2107 compositum.
3254 2023 3358 2110 (In
3404 2022 3624 2089 Museo
3671 2020 4097 2107 Londinensi).

1745 2163 1819 2227 11
1872 2160 2119 2228 Sallier
2162 2163 2243 2227 N.
2292 2164 2358 2227 4.
2403 2194 2491 2207 -
2540 2157 2831 2224 Continet
2872 2155 3303 2224 kalendarium
3371 2156 3437 2222 in
3505 2173 3623 2238 quo
3692 2154 3823 2222 dies
3891 2153 4042 2221 fasti
4108 2155 4173 2221 et
4237 2151 4464 2220 nefasti

1398 2291 1773 2358 indicantur.
1821 2292 1925 2377 (In
1972 2291 2192 2358 Museo
2237 2288 2666 2375 Londinensi).

1749 2426 1832 2493 12
1884 2424 2104 2494 Sinek.
2148 2461 2238 2474 —
2280 2425 2356 2490 In
2388 2443 2459 2491 eo
2486 2424 2583 2490 vir
2611 2422 2865 2507 quidam
2895 2422 3142 2491 nomine
3172 2420 3363 2488 Sineh
3393 2420 3620 2488 aetatis
3649 2439 3867 2508 regum
3921 2419 4241 2507 dynastiae
4275 2420 4472 2487 XII*-

1399 2559 1521 2627 iter
1563 2578 1673 2643 per
1715 2558 1991 2645 regiones
2036 2526 2316 2645 Aegypto
2362 2557 2671 2642 proximas
2719 2556 3034 2625 describit.
3080 2557 3183 2643 (In
3228 2554 3447 2623 Museo
3492 2553 3925 2640 Berolinensi).

1749 2696 1832 2762 13
1892 2695 2279 2762 Taurinense
2324 2693 2863 2778 chronoloqicum.
2908 2728 2999 2740 —
3042 2691 3487 2776 Fragmentum
3533 2690 3630 2757 est
3670 2689 3897 2757 misere
3940 2690 4214 2758 lacerum
4244 2690 4470 2758 indicis

1398 2826 1820 2911 antiquissimi
1864 2846 2080 2913 regum
2125 2826 2565 2913 aegyptiorum.
2614 2826 2718 2913 (In
2763 2825 2981 2893 Museo
3025 2823 3440 2910 Taurinensi).

1748 2966 1834 3029 14
1892 2962 2274 3029 Taurinam-se
2307 2960 2762 3048 judiciarium.
2808 2997 2896 3010 —
2940 2959 3093 3047 Agit
3136 2961 3213 3026 de
3273 2958 3687 3044 conjuratione
3732 2958 4020 3043 quadam
4068 2961 4270 3027 aetate
4308 2959 4472 3046 regis

1400 3094 1773 3160 Ramsetis
1805 3094 1927 3160 ΙΙΙ.
1960 3093 2217 3160 Editum
2249 3094 2345 3160 est
2376 3113 2414 3160 a
2443 3093 2710 3160 Deveria
2739 3093 2805 3158 in
2837 3111 3050 3177 opere:
3098 3096 3189 3159 Le
3220 3111 3479 3180 papyre
3498 3091 3872 3181 judiciaire
3902 3091 3979 3160 de
4024 3094 4247 3169 Turia,
4278 3088 4488 3163 1868:

1399 3229 1502 3315 (In
1550 3228 1767 3295 Museo
1812 3227 2205 3313 Taurinensi)
2250 3227 2354 3316 (¹).
3471 3253 3476 3260 ·

1573 3361 1693 3429 Sed
1736 3370 1882 3447 prae
1926 3363 2186 3429 caeteris
2230 3362 2516 3429 omnibus
2561 3381 2792 3447 papyra
2834 3360 3086 3429 funerea
3137 3360 3515 3445 frequentius
3567 3360 3998 3444 reperiuntur:
4045 3379 4302 3445 quorum
4346 3361 4471 3427 tria

1398 3496 1729 3581 praecipua
1770 3516 1997 3582 genera
2025 3496 2432 3583 agnoscimuS,
2464 3515 2686 3580 nempe
2723 3497 2992 3564 Librum
3023 3507 3442 3574 mortuorum,
3481 3495 3749 3562 Librum
3792 3495 4045 3576 Tuan,
4093 3497 4158 3561 et
4204 3497 4476 3563 Librum

1396 3630 1723 3716 funerum.
1769 3628 1942 3695 Haec
1988 3629 2355 3696 documenta
2398 3629 2464 3694 in
2524 3628 2793 3713 sepulcri
2859 3628 3207 3714 parietibus
3268 3628 3369 3694 vel
3430 3627 3495 3693 in
3564 3628 3957 3713 sarcophagis
4024 3627 4469 3708 scribebantur,

1400 3763 1502 3829 vel
1547 3763 1812 3847 denique
1851 3762 2032 3846 Juxta
2076 3763 2337 3830 cadaver
2379 3763 2629 3849 papyris
2674 3762 2907 3830 tradita
2952 3763 3242 3830 conclusa
3272 3764 3468 3842 erant,
3501 3766 3575 3829 ut
3602 3781 3812 3846 preces
3845 3765 3909 3829 et
3937 3759 4235 3830 formulae
4279 3761 4346 3828 in
4391 3763 4472 3829 iis

1402 3897 1684 3963 exaratae
1731 3896 2018 3962 defuncto
2061 3895 2481 3981 peregrinanti
2524 3895 2605 3962 ad
2649 3895 2875 3963 inferos
2920 3914 3099 3980 opem
3145 3896 3393 3963 ferrent.

1579 4031 1662 4096 Et
1692 4029 1771 4096 ad
1800 4030 2072 4114 primum
2118 4029 2555 4097 documentum
2599 4031 2760 4115 quod
2790 4031 3036 4111 attinet,
3062 4030 3225 4096 illud
3257 4051 3295 4098 a
3334 4030 3830 4116 Champollionio
3860 4032 4177 4100 Funebris
4207 4032 4475 4101 ritualia

1404 4180 1626 4228 nomen
1674 4163 1940 4246 accepit:
1990 4160 2100 4229 sed
2144 4182 2182 4229 a
2226 4161 2469 4246 Lepsio‚
2517 4182 2659 4230 cum
2703 4183 3001 4249 papyrum
3050 4163 3487 4247 plenissimum
3533 4162 3740 4232 Musei
3792 4163 4191 4232 Taurinensis
4251 4164 4475 4244 ederet,

1402 4300 1537 4364 Das
1583 4281 1976 4365 Todtenbuch
2021 4316 2131 4363 seu
2180 4298 2383 4366 Liber
2425 4304 2824 4366 mortuorum
2870 4299 3156 4364 vocatum
3203 4300 3317 4378 est,
3364 4298 3590 4382 potiori
3624 4297 3782 4382 jure.
3816 4298 3939 4364 Vix
3970 4299 4134 4366 enim
4180 4299 4476 4382 quasdam

1568 4641 1633 4713 (¹)
1669 4605 2028 4701 Recensidnes
2064 4644 2382 4714 praecipuae
2420 4660 2741 4716 papyrum
2778 4648 2927 4700 sunt:
2967 4643 3152 4702 Select
3186 4644 3394 4720 papyri
3444 4642 3515 4716 of
3550 4644 3642 4703 the
3679 4644 3902 4703 Br-itish
3950 4646 4217 4714 Museum,
4254 4652 4310 4705 et
4352 4666 4483 4720 opus

1391 4735 1594 4792 editum
1631 4755 1665 4793 a
1699 4737 1887 4808 Pleyte
1942 4740 1998 4793 et
2049 4737 2270 4794 Rossio:
2308 4737 2568 4813 papyrus
2622 4736 2687 4794 de
2748 4737 2944 4795 Turin.
2983 4739 3195 4811 Papyra
3240 4739 3416 4795 Musei
3474 4739 3725 4811 Lugduni
3773 4740 4096 4796 Batavorum
4148 4759 4182 4797 a
4226 4741 4482 4798 Leemans

1389 4828 1659 4900 descripta
1694 4834 1820 4886 sunt
1855 4832 1913 4886 in
1949 4849 2134 4903 opere:
2171 4831 2514 4890 Monuments
2550 4830 2624 4888 du
2647 4832 2834 4889 Muses
2860 4830 2925 4889 de
2951 4831 3151 4906 Leyde.
3178 4834 3510 4906 Papyrorum
3546 4834 3720 4890 Musei
3757 4835 4085 4891 Parisiensis
4122 4839 4269 4892 extat
4303 4835 4479 4892 brevis

1389 4925 1446 4978 et
1482 4928 1733 4980 accurata
1768 4924 2060 4996 descriptio
2098 4944 2131 4982 a
2164 4925 2397 4982 Deveria
2431 4925 2580 4981 edita
2620 4926 2707 4981 cui
2742 4927 2937 4982 titulus
2979 4924 3277 4999 Cataloque
3327 4924 3419 4983 des
3469 4926 3833 5001 manuscripts
3868 4928 4149 5002 e‘yyptiens
4186 4927 4260 4986 du
4295 4929 4482 4987 Musae

1393 5012 1469 5072 du
1501 5015 1736 5073 Louvre.
1774 5017 1962 5084 Paris,
1981 5018 2150 5076 1885.
2187 5018 2432 5089 Denique
2470 5020 2705 5089 plurium
2740 5036 3060 5091 papyrorum
3090 5019 3464 5090 interpretatio
3487 5038 3594 5076 una
3618 5036 3739 5076 cum
3764 5022 4159 5078 commentariis
4197 5026 4252 5078 et
4284 5022 4486 5080 tabulis

1389 5110 1501 5181 legi
1536 5114 1717 5180 potest
1754 5112 1812 5167 in
1848 5111 2317 5168 dissertationibus
2352 5112 2631 5168 Francisci
2669 5111 2924 5169 Chabasii
2961 5112 3155 5183 quibus
3191 5114 3416 5169 titulus:
3459 5113 3742 5188 Melanqes
3779 5115 4238 5190 eqyptoloqiques.
