5034 6400
2748 618 3101 684 ...70-

2202 1290 3010 1396 PAPYR'UM
3089 1291 3412 1395 XXI
3453 1287 3652 1397 V.¹³¹¹

2827 1729 2909 1797 N.
2958 1731 3065 1800 68.

1561 1911 1876 1996 Papyrum
1921 1910 2160 1978 litteris
2206 1910 2693 1997 hieroglyphicis
2741 1912 2805 1976 et
2849 1910 3065 1997 figuris
3113 1911 3288 1998 nigro
3335 1911 3534 1978 colore
3580 1909 3845 1996 depictis
3890 1910 4303 1979 illustratum.
4338 1911 4498 1980 Con·

1381 2023 1544 2089 tinet
1587 2025 1830 2108 partem
1878 2021 2028 2089 libri
2074 2023 2179 2089 cui
2224 2023 2488 2090 titulus:
4386 2058 4393 2066 .
4430 2019 4436 2024 ·

2334 2136 2567 2289 0ss
2593 2155 2751 2267 ²2?
2783 2165 2922 2260 Ὗ
2979 2134 3131 2289 ᾗ
3183 2173 3253 2245 *
3286 2133 3434 2288 R
3471 2170 3540 2249 Q
3566 2173 3672 2247 [ἲ]

2389 2315 2472 2380 ta
2609 2312 2739 2379 sat
3009 2331 3128 2379 em
3248 2313 3465 2392 Tuan

2141 2400 2341 2469 Liber
2384 2403 2604 2483 Tuan
2648 2403 2785 2489 (seu
2832 2400 3256 2488 hemispherii
3299 2398 3699 2487 inferioris).

1563 2512 1659 2579 De
1704 2513 1820 2579 hoc
1866 2514 2236 2580 documento
2281 2512 2425 2580 vide
2471 2513 2638 2597 quod
2683 2513 2989 2597 scriptum
3035 2512 3163 2579 fuit
3208 2513 3274 2578 in
3321 2512 3735 2596 descriptione
3794 2513 4014 2600 papyri
4060 2513 4156 2581 XI
4202 2532 4342 2600 pag.
4393 2513 4500 2580 44.

1558 2624 1816 2691 Pictura
1862 2625 2114 2692 exhibet
2157 2645 2327 2693 more
2375 2625 2565 2692 solito
2611 2625 2875 2712 figuram
2925 2625 3289 2711 ellypticam
3336 2643 3493 2709 quae
3541 2624 3809 2692 dicitur:

2356 2735 2406 2785 Λ
2587 2737 2741 2782 mx:

2303 2792 2465 2885 ἓ
2584 2800 2743 2891 Ξ
2842 2758 2996 2859 ἒ
3099 2774 3167 2847 *
3208 2735 3350 2888 R
3387 2770 3455 2849 Q
3483 2738 3588 2885 Ξ

2265 2914 2500 2983 kerer
2570 2913 2751 2981 seta
2857 2916 2988 2980 ent
3253 2913 3472 2994 Tuan

2226 3006 2430 3088 Re9i0
2476 3005 2898 3072 subterranea
2942 3005 3330 3090 mysteriosa
3373 3003 3595 3082 Tuan

1562 3113 1636 3179 In
1670 3112 1898 3200 ellypsi
1929 3113 2234 3197 aspicitur
2262 3115 2527 3182 cadaver
2555 3133 2742 3200 prope
2774 3114 3005 3180 fiumen
3036 3133 3127 3181 ou
3146 3132 3427 3181 er-ues.
3461 3111 3661 3198 Supra
3690 3113 3954 3201 figuram
3985 3115 4084 3180 est
4113 3113 4264 3180 deus
4294 3111 4505 3179 Shou

1387 3225 1659 3293 brachiis
1721 3227 1991 3294 extensis
2052 3228 2116 3294 et
2183 3226 2562 3295 scarabeum
2627 3226 2979 3312 symbolum
3037 3227 3602 3293 transformationis
3665 3229 3731 3294 et
3789 3225 4277 3294 resurrectionis.
4338 3225 4505 3292 Ante

1390 3337 1654 3404 cadaver
1721 3342 1869 3404 sunt
1927 3338 2160 3424 figurae
2222 3342 2469 3406 orantes
2530 3339 2853 3426 geniorum
2915 3337 3154 3422 duplici
3222 3338 3426 3406 ordini
3497 3337 3874 3405 distributae
3941 3354 4085 3405 cum
4151 3337 4525 3409 nominibus.

1389 3448 1690 3532 propriis;
1738 3450 1804 3515 in
1851 3449 2163 3534 superiore
2209 3452 2357 3516 sunt
2400 3449 2694 3517 undecim
2739 3449 2929 3536 genii,
2979 3452 3045 3516 et
3091 3448 3304 3517 decem
3350 3451 3417 3517 in
3472 3450 3794 3528 inferiore;
3845 3451 4192 3534 postremus
4244 3447 4507 3515 formam

1387 3560 1582 3627 habet
1627 3561 1954 3644 serpentis.

1566 3671 1640 3737 In
1686 3672 1906 3738 tabula
1951 3675 2100 3738 sunt
2144 3673 2264 3739 duo
2311 3672 2747 3755 inscriptiones
2793 3670 3296 3758 hieroglyphicae
3339 3672 3548 3756 parvis
3595 3671 3901 3740 columnis
3947 3672 4287 3756 dispositae
4345 3690 4508 3756 quae

1388 3802 1601 3867 preces
1645 3783 1965 3851 continent
2011 3787 2076 3850 et
2120 3785 2567 3852 invocationes.

1565 3894 1668 3961 Ad
1714 3895 2030 3964 dexteram
2074 3895 2352 3975 tabulae,
2403 3901 2551 3963 sunt
2594 3898 2836 3981 septem
2867 3895 3194 3964 columnae
3224 3894 3460 3963 litteris
3507 3896 4014 3984 hieroglyphicis‚
4049 3896 4285 3981 partim
4330 3894 4506 3982 nigro

1390 4006 1627 4091 partim
1672 4007 1855 4073 rubro
1900 4007 2122 4088 colore,
2169 4008 2525 4094 retrogrado
2572 4008 2784 4074 ordine
2832 4011 3139 4075 exaratae.

1572 4118 2017 4203 Inscriptiones
2065 4139 2103 4185 a
2148 4119 2438 4186 columna
2483 4118 2587 4184 III
2635 4119 2716 4185 ad
2761 4119 2890 4185 VII
2937 4119 3253 4202 pertinent
3291 4116 3372 4184 ad
3415 4118 3631 4186 horam
3678 4120 3964 4203 quartam
4011 4118 4241 4185 noctis:
4290 4117 4508 4183 tabula

1391 4232 1666 4316 pertinet
1709 4230 1792 4296 ad
1836 4230 2051 4297 horam
2098 4232 2382 4315 quintam
2429 4250 2571 4298 cum
2617 4231 3025 4315 inscriptione
3071 4230 3190 4298 col.
3238 4230 3271 4295 I
3321 4232 3385 4297 et
3429 4230 3517 4297 II.

1573 4342 1911 4410 Gonnum
1958 4342 2084 4408 ΙΙΙ.

1429 4485 1585 4586 εἰ
1740 4519 1889 4546 m
2198 4430 2531 4627 «ἑτέ.
2788 4518 2940 4545 m
3017 4455 3276 4609 Ῡῖέἒ
3326 4452 3780 4612 awti
3842 4453 4505 4609 <mxv-*mmm

1441 4659 1582 4706 ran
1762 4658 1854 4707 en
2208 4638 2488 4705 kerert
2822 4656 2912 4704 en
3045 4640 3242 4721 auxt
3395 4657 3697 4721 zeperu
3850 4655 3990 4704 ran
4062 4657 4153 4706 en
4241 4637 4439 4704 seba

1400 4730 1642 4796 Nomen
1686 4725 1938 4815 (hujus)
1971 4730 2257 4814 reqionis
2288 4728 2750 4795 subterraneae
2795 4725 2943 4813 (est)
3021 4730 3246 4795 vivens
3424 4728 3683 4795 entium.
3800 4730 4046 4811 Nomen
4212 4734 4451 4814 portae

1457 4993 1607 5022 m
1916 4930 2249 5083 «ἑὲ,
2532 4991 2682 5020 m
2736 4928 4083 5084 Qfflssz-§s-v‘imffl

1487 5128 1575 5176 en
1953 5109 2233 5178 kerert
2546 5128 2637 5177 en
2729 5111 2996 5177 ament
3351 5108 3594 5174 stauu

1399 5197 1650 5285 (hujus)
1698 5202 1984 5284 remonis
2028 5200 2489 5268 subterraneae
2536 5195 2686 5284 (est)
2912 5196 3303 5266 abscondens
3350 5197 3753 5265 ambulacra.
