5034 6400
2777 551 3131 615 ...96-

1570 695 1791 761 Notari
1813 694 2070 760 tandem
2094 697 2335 777 oportet
2364 692 2529 777 quod
2553 693 2833 759 notiones
2858 692 3160 777 mysticae
3193 692 3344 757 artis
3375 691 3656 777 magicae
3689 692 3855 775 apud
3886 692 4125 758 veteres
4155 690 4498 778 Aegyptios

1392 807 1711 873 utillimae
1758 806 1937 872 evadi
1983 808 2244 890 possunt
2275 805 2354 872 ad
2399 804 2845 872 illustrandam
2876 804 3262 888 Scripturam
3295 823 3569 869 sacram:
3602 824 3749 869 nam
3780 805 3890 870 ubi
3919 804 4228 870 miracula
4260 804 4496 890 Moysis

1392 922 1538 986 ante
1607 921 2005 1002 conspectum
2068 917 2411 984 Pharaonis
2474 919 2857 994 enarrantur,
2921 916 2996 982 de
3059 913 3587 982 incantationibus
3650 919 4007 999 serpentum
4068 916 4278 1003 agitur
4336 935 4497 1000 quae

1388 1031 1649 1096 fortasse
1718 1028 1983 1115 magicis
2052 1028 2223 1095 hisce
2292 1029 2573 1095 textibus
2637 1029 2890 1095 fiebant.
2922 1065 3012 1075 —-
3046 1026 3149 1093 Sic
3198 1027 3363 1093 enim
3410 1027 3679 1111 legimus
3750 1026 3815 1092 in
3886 1025 4092 1093 Exodo
4154 1026 4302 1092 VII.
4373 1029 4494 1094 11:

1404 1170 1431 1199 ιι
1488 1143 1752 1208 Vocavz't
1798 1148 2011 1208 autem
2057 1140 2321 1206 Pharao
2369 1143 2693 1225 sapientes
2753 1146 2814 1207 et
2858 1141 3183 1227 maleficos
3232 1145 3293 1205 et
3337 1140 3637 1224 fecerunt
3684 1141 3882 1206 etiam
3929 1139 4061 1225 ipsi
4092 1157 4222 1225 per
4267 1142 4499 1207 inean-

1392 1255 1666 1321 tatz‘ones
1712 1255 2130 1339 aeqyptiacas
2175 1258 2236 1317 et
2282 1271 2535 1318 arcana
2578 1251 2890 1338 quaedam
2935 1251 3272 1319 similiter.
3321 1249 3745 1316 Incantatores
3776 1249 4052 1336 Aegypti
4081 1253 4384 1317 vocantur
4430 1250 4496 1318 in

1388 1371 1565 1435 textu
1617 1367 1906 1435 hebraico
1971 1359 2206 1458 0³3th
2252 1359 2525 1470 '7³33ssOE
2575 1376 2639 1435 et
2682 1368 2835 1434 haec
2883 1386 2997 1435 vox
3042 1359 3339 1469 &mg-*0³3
3401 1366 3635 1451 legitur
3682 1365 3874 1432 etiam
3905 1366 3971 1431 in
4006 1366 4212 1434 Exodo
4260 1367 4375 1433 IX.
4415 1369 4492 1432 11

1389 1493 1502 1559 ubi
1549 1490 1779 1558 dicitur
1823 1492 1987 1576 quod
2032 1492 2450 1559 incantatores
2494 1493 2772 1578 Aegypti
2817 1493 2983 1560 stare
3028 1510 3148 1559 non
3193 1479 3530 1578 potu'erunt
3588 1491 3733 1556 ante
3795 1492 4196 1574 conspectum
4240 1490 4499 1576 Moysis.

1393 1630 1567 1714 Quae
1611 1651 1727 1698 vox
1770 1630 2054 1699 hebraici
2099 1634 2306 1699 textus
2353 1631 2656 1718 originem
2703 1630 2876 1697 ducit
2920 1632 3001 1697 ab
3059 1632 3367 1716 aegyptiis
3446 1608 3606 1752 ἓ
3647 1663 3806 1705 ss
3855 1602 3907 1753 g
4012 1650 4147 1712 zer
4207 1632 4386 1717 loqui
4436 1634 4499 1697 et

1387 1785 1541 1896 ὦ
1566 1753 1719 1908 ᾗ
1743 1818 1901 1860 ss
1931 1784 2098 1848 tum
2145 1781 2558 1851 abscondita:
2604 1782 2768 1848 unde
2812 1782 3210 1865 interpretari
3270 1786 3511 1867 potest:
3559 1813 3585 1842 ιι
3613 1785 3672 1852 ii
3702 1786 3817 1870 qui
3852 1784 4505 1872 secreta-loquuntur

1396 1951 1507 1999 seu
1566 1936 1682 2019 qui
1742 1934 2215 2001 incantationes
2260 1936 2553 2016 maqicas
2584 1934 2941 2019 proferunt
2973 1930 3075 2017 (¹).
3124 1933 3261 2001 Hoc
3322 1933 3522 2020 igitur
3578 1936 3676 2001 est
3731 1953 3927 2000 unum
3988 1953 4060 2002 ex
4112 1932 4321 2000 verbis
4365 1931 4501 1998 illis

1395 2042 1812 2109 Pentateuchi
1856 2062 2012 2127 quae
2061 2044 2141 2109 ab
2200 2043 2564 2128 aegyptiaca
2615 2043 2784 2109 fonte
2841 2046 3102 2110 manant
3166 2048 3231 2111 et
3291 2045 3494 2131 magis
3548 2046 3872 2130 magisque
3931 2044 4283 2113 autentiam
4340 2044 4505 2110 sacri

1393 2156 1601 2221 textus
1645 2155 1996 2220 monstrant
2041 2156 2105 2219 et
2149 2152 2449 2239 Moysem,
2497 2153 2818 2221 eruditum
2864 2153 2931 2220 in
2976 2158 3154 2223 omni
3181 2159 3457 2224 seientia
3487 2160 3976 2243 ’Aeqyptiorum‚
4009 2154 4143 2239 ejus
4187 2156 4505 2222 auctorem

1394 2265 1586 2332 fuisse
1635 2265 2019 2332 confirmant.
2219 2257 2234 2278 '
3714 2263 3717 2266 ’

1569 2376 1847 2443 Tandem
1892 2374 2205 2442 observari
2231 2375 2425 2442 etiam
2445 2374 2633 2459 juvat
2662 2376 2826 2460 quod
2855 2377 3332 2460 superstitiones
3376 2379 3537 2446 istae
3583 2380 3664 2445 ab
3709 2376 4038 2464 Aegyptiis
4086 2377 4167 2444 ad
4212 2378 4501 2455 GraecoS,

1394 2510 1433 2557 a
1494 2490 1750 2558 Graecis
1804 2488 1885 2556 ad
1935 2486 2245 2555 Romanos
2297 2488 2694 2566 transierunt,
2743 2488 2853 2572 qui
2896 2489 3174 2575 magicas
3219 2490 3519 2558 formulas
3564 2490 3756 2558 etiam
3801 2493 4014 2557 contra
4072 2490 4354 2557 viventes
4399 2489 4505 2556 vel

1392 2603 1668 2668 mortuos
1712 2600 2030 2667 habebant
2075 2602 2140 2665 et
2184 2599 2537 2686 defixiones
2581 2600 2920 2666 vocabant:
2961 2600 3111 2683 quin
3158 2600 3285 2667 imo
3333 2601 3677 2669 Christiani
3708 2601 3831 2685 ipsi
3878 2600 4165 2667 formulis
4212 2600 4504 2683 depreca-

1394 2711 1575 2779 toriis
1622 2712 1898 2796 ejusdem
1943 2711 2206 2798 generis,
2256 2716 2320 2778 et
2379 2711 2642 2778 fortasse
2705 2731 2776 2779 ex
2837 2711 2970 2777 illis
3030 2712 3429 2797 depromptis,
3493 2713 3754 2798 spiritus
3798 2713 4151 2779 immundos
4197 2712 4506 2796 repellere

1398 2828 1847 2893 consueverunt
1877 2823 1980 2912 (⁸2).
2007 2824 2130 2892 Sed
2154 2825 2493 2892 notandum
2518 2828 2616 2891 est
2637 2824 2800 2909 quod
2823 2844 2999 2892 mens
3026 2824 3520 2892 Christianorum
3553 2827 3633 2892 ab
3659 2826 3926 2893 ethnicis
3957 2825 4505 2908 superstitionibus

1397 2937 1645 3004 omnino
1692 2938 2094 3018 abhorrebat3
2142 2937 2266 3020 ipsi
2312 2956 2533 3021 nempe
2577 2938 2791 3024 genios
2822 2937 3158 3017 maleficos,
3192 2956 3302 3003 seu
3333 2938 3680 3014 daemones,
3714 2936 3781 3003 in
3825 2937 4074 3003 nomine
4121 2937 4243 3004 Dei
4287 2936 4398 3003 uni
4445 2938 4511 3003 et

1394 3049 1528 3115 veri
1571 3048 1893 3134 fugabant,
1941 3047 2028 3115 ut‘
2057 3049 2160 3133 pie
2205 3068 2367 3115 nunc
2411 3049 2605 3115 etiam
2651 3049 2844 3114 sacris
2893 3049 3253 3115 exorcismis
3297 3050 3500 3115 utitur
3545 3048 3826 3116 Ecclesia
3856 3045 3961 3134 (3).

1571 3162 1664 3227 Ex
1709 3160 1895 3228 dictis
1941 3163 2114 3244 patet
2159 3179 2459 3247 papyrum
2504 3162 2619 3229 hoc
2666 3160 2881 3247 magni
2926 3160 3229 3228 momenti
3276 3180 3409 3229 esse
3458 3164 3521 3230 et
3566 3161 3824 3249 dignum
3871 3161 3944 3227 ut
3988 3157 4267 3243 ejusdem
4314 3177 4505 3243 quan-

1396 3272 1738 3356 documque
1782 3273 1972 3356 plena
2017 3271 2212 3338 editio
2256 3272 2385 3338 fiat.

1562 3526 1627 3595 (¹)
1667 3524 1748 3579 cf.
1771 3525 2023 3596 Harkavy
2042 3523 2148 3581 Les
2168 3532 2305 3581 mots
2325 3524 2611 3600 epyptiens
2630 3522 2774 3582 dela
2796 3522 2961 3581 Bible
2980 3526 3036 3579 in
3059 3524 3402 3596 ephemeride
3429 3544 3456 3573 ιι
3481 3524 3708 3581 Journal
3746 3523 4031 3593 Asiatique
4057 3542 4084 3573 n
4121 3521 4261 3579 1870
4298 3540 4350 3594 p.
4393 3525 4514 3581 169.

1527 3620 1634 3690 ’(2)
1670 3619 1753 3676 De
1790 3620 1892 3675 hac
1930 3637 1987 3674 re
2026 3619 2237 3676 consuli
2273 3624 2500 3690 possunt
2536 3620 2679 3675 inter
2716 3620 2826 3675 alia
2862 3620 2996 3675 haec
3023 3621 3254 3691 scripta:
3283 3618 3343 3675 C.
3382 3618 3705 3689 Stornajolo,
3742 3615 3972 3674 Piombo
3998 3615 4215 3690 maqico
4247 3615 4518 3674 descritto

1392 3732 1419 3763 ιι
1444 3714 1588 3799 Bul).
1627 3712 1988 3769 dell’Istituto
2026 3713 2260 3768 archeol.
2286 3733 2313 3762 n
2347 3713 2502 3769 1880.
2530 3743 2596 3753 -
2622 3713 2684 3769 L.
2710 3714 2932 3777 Bruzza,
2967 3712 3200 3769 Tessera
3229 3710 3550 3768 esorcistica
3593 3730 3620 3759 ιι
3645 3710 3789 3765 Bull.
3815 3710 4049 3765 archeol.
4077 3726 4288 3766 comun.
4315 3731 4342 3760 n
4377 3710 4511 3766 1881

1387 3825 1439 3878 p.
1468 3806 1570 3864 163
1597 3824 1747 3878 segg.
1775 3837 1840 3847 —
1870 3804 1933 3861 Ο.
1958 3806 2253 3871 Mai-nemi,
2275 3804 2351 3863 Di
2371 3822 2480 3861 una
2499 3805 2797 3863 rarissima
2820 3813 3009 3863 statua
3036 3804 3184 3862 della
3213 3803 3315 3861 dea
3336 3803 3529 3879 Epona
3560 3824 3587 3853 ιι
3612 3802 3812 3859 Annali
3836 3802 4187 3858 dell’Istituto
4209 3824 4236 3853 n
4266 3803 4419 3859 1881.
4446 3834 4516 3842 —

1389 3899 1453 3955 G.
1492 3899 1841 3965 Cozza—Luzi,
1879 3898 1955 3957 Di
1993 3917 2071 3956 un
2107 3898 2293 3956 antico
2329 3899 2605 3972 filacteria
2643 3898 2934 3965 cristiano,
2977 3899 3132 3954 1887.
3171 3929 3237 3938 —-
3276 3899 3342 3953 Ε.
3379 3898 3456 3953 Le
3481 3898 3662 3962 Blant,
3699 3895 3807 3953 Les
3838 3894 4107 3969 premiers
4145 3893 4424 3953 ohretiens
4460 3904 4519 3953 et

1389 3993 1439 4051 lc
1476 3991 1668 4050 demon
1713 4013 1738 4041 ιι
1763 3994 1882 4049 Atti
1920 3993 2065 4049 della
2100 3994 2162 4067 R.
2199 3993 2527 4048 Accademia
2564 3993 2651 4047 dei
2688 3993 2877 4048 Lincei
2903 4014 2929 4043 n
2977 3994 3116 4048 1888
3152 3992 3258 4047 vol.
3296 3991 3397 4057 111,
3422 3995 3574 4061 parte
3611 3990 3656 4045 Ι.

1564 4087 1633 4156 (3)
1671 4087 1753 4143 De
1788 4086 2140 4157 phylacteriis
2177 4084 2372 4156 quibus
2411 4087 2577 4141 etiam
2613 4091 2822 4142 veteres
2860 4084 3156 4141 Christiani
3196 4083 3486 4141 utebantur
3522 4083 3591 4139 ad
3627 4083 3912 4140 daemones
3938 4083 4204 4155 fugandos
4231 4083 4385 4139 docte
4412 4082 4524 4138 dis·

1386 4182 1554 4237 seruit
1588 4199 1636 4236 v.
1676 4198 1722 4235 c.
1758 4181 1810 4237 J.
1847 4181 1909 4236 B.
1949 4180 2012 4237 de
2051 4180 2210 4236 Rossi
2246 4180 2302 4234 in
2346 4200 2373 4229 ιι
2397 4180 2698 4235 Bullettino
2736 4179 2793 4234 di
2829 4178 3175 4250 archeologia
3212 4179 3470 4234 cristiana
3493 4199 3519 4229 n
3568 4178 3721 4233 1869.
