5034 6400
2716 634 3115 698 —116—

2268 987 3078 1091 P-APYRUM
3189 985 3592 1091 LIX.⁰¹¹

2726 1408 2808 1474 N.
2861 1411 2987 1476 109
3022 1407 3129 1495 (ι).

1543 1593 1882 1676 Papyrum-
1903 1588 2306 1675 integerrime
2351 1588 2668 1654 servatum
2714 1585 2949 1653 litteris
2974 1586 3478 1673 hieroglyphicis,
3512 1589 3833 1656 continens
3864 1591 4145 1676 capitula
4173 1590 4479 1675 quaedam

1365 1705 1521 1774 libri
1564 1725 1607 1790 p
1624 1724 1704 1772 er
1766 1723 1881 1770 em
1940 1701 2168 1767 heru.
2217 1699 2503 1765 Pertinet
2549 1697 2630 1765 ad
2676 1699 2948 1765 aetatem
2995 1699 3286 1767 saiticam
3333 1703 3397 1766 et
3442 1700 3747 1786 scriptum
3792 1702 3916 1769 fuit
3960 1720 4068 1787 pre
4113 1703 4413 1772 muliere:

2075 1858 2747 2052 3stch
2847 1870 3005 1992 ⁴2>
3057 1921 3207 1948 Μ
3400 1832 3829 2056 “Kisa

2075 2039 2411 2104 Asrturt
2856 2040 3021 2104 art·
3087 2056 3177 2104 en
3455 2037 3751 2105 Naaslt

2075 2130 2408 2215 Asiturt
2816 2149 2987 2235 'filia
3033 2147 3389 2236 (mulieris)
3449 2148 3749 2216 Naasit
3811 2167 3815 2171 ·

1547 2331 1842 2416 capitula
1886 2330 2033 2396 sunt
2078 2329 2388 2396 columnis
2433 2328 2841 2395 verticalibus
2889 2327 3194 2412 disposita
3239 2333 3306 2396 et
3349 2350 3534 2413 super
3591 2330 3874 2418 capitula
3931 2329 4283 2398 delineatae
4337 2334 4483 2396 sunt
4590 2309 4597 2316 ’

1364 2444 1625 2513 tabulae
1669 2442 1826 2526 ipsis
1870 2438 2171 2523 capitulis
2216 2439 2676 2523 respondentes,

1545 2555 1623 2621 In
1668 2553 1890 2637 primis
1935 2551 2160 2618 XLIII
2204 2549 2513 2617 columnis
2561 2552 2865 2635 scriptum
2912 2554 3008 2620 est
3054 2552 3401 2635 capitulum
3448 2553 3677 2620 XVIII
3714 2553 3848 2621 sine
3879 2553 4086 2630 titulo,
4136 2572 4278 2621 cum
4309 2554 4481 2621 invo-

1367 2667 1724 2736 cationibus
1771 2665 1872 2732 dei
1918 2664 1967 2729 Τ
1984 2665 2078 2730 ho
2096 2665 2127 2729 t
2169 2664 2246 2729 ut
2296 2662 2610 2747 justificet
2655 2665 2930 2730 animam
2976 2665 3305 2733 defunctae
3349 2665 3646 2734 adversus
3704 2666 3991 2734 inimicos
4050 2666 4202 2751 ejm.
4261 2702 4351 2716 —
4410 2666 4483 2732 In

1365 2779 1591 2848 tabula
1637 2777 1816 2844 adest
1861 2775 2156 2842 defuncta
2199 2778 2346 2841 ante
2392 2757 2781 2843 divinitates.
2826 2813 2917 2825 —
2962 2775 3319 2860 Sequuntur
3363 2777 3518 2844 haec
3563 2778 3693 2844 alia
3739 2779 4036 2863 capitula.

1467 2934 1596 3006 Cap.
1633 2934 1777 2989 XXI.

1785 3033 1944 3076 Φ
2071 3030 2229 3072 0
2335 3030 2491 3072 Φ
2692 3051 3024 3078 -οο-ΛΛΜΛΛ
3621 3030 3688 3103 m
3761 3046 3913 3087 ΔΟ

1786 3091 1936 3182 ωιιω
2067 3084 2230 3178 ...O-n
2400 3106 2415 3180 Ι
2465 3148 2472 3157 ·
2513 3089 2664 3116 m
2762 3093 2775 3155 Ι
2871 3104 3022 3150 κ*
3102 3083 3257 3124 Ξ
3462 3028 3517 3178 Ἴ
3578 3136 3730 3178 <>
3760 3118 3913 3172 Q]

1724 3207 1833 3273 Ro
1880 3225 1970 3271 en
2060 3208 2236 3272 erte
2369 3225 2444 3272 ro
2539 3226 2629 3274 en
2719 3225 2803 3272 sa
2871 3227 2933 3273 n.
2982 3207 3014 3273 f
3120 3228 3236 3275 em
3491 3211 3724 3275 neter
3768 3228 3904 3290 xer

1646 3319 2010 3404 Capitulum
2056 3316 2226 3405 quod
2270 3315 2495 3386 reddit
2540 3337 2610 3385 οε
2658 3319 2908 3385 homiui
3131 3321 3204 3387 in
3249 3318 3484 3387 divina
3530 3320 3792 3403 reqione
3836 3321 4183 3415 inferiore:

1546 3454 1622 3519 In
1666 3440 1889 3519 tabula
1933 3452 2113 3519 adest
2158 3453 2443 3520 sacerdos
2490 3454 2598 3536 qui
2645 3472 2712 3520 os
2759 3454 2963 3536 aperit
3009 3453 3357 3521 defunctae.

1471 3651 1600 3724 Cap.
1636 3651 1823 3706 XXIII
3398 3720 3407 3731 -

1790 3873 1939 3900 mwm
2073 3861 2221 3885 ΛΜΜΛ
2395 3827 2410 3900 Ι
3676 3836 4015 3897 OQ

1725 3927 1833 3993 Ro
1880 3945 1967 3992 en
2087 3945 2186 3991 un
2363 3945 2445 3993 ro
2537 3946 2628 3993 en
2860 3945 2944 3994 sa
3149 3974 3155 3979 -
3214 3948 3327 3994 em
3583 3931 3816 3994 neter
3862 3948 3997 4010 xer

1646 4040 2014 4126 Capitulum
2058 4058 2178 4125 quo
2282 4047 2623 4106 reseratur
2667 4059 2737 4106 os
2890 4041 3140 4108 homini
3231 4043 3301 4108 in
3347 4040 3578 4109 divina
3621 4042 3884 4126 reqione
3929 4042 4273 4128 inferiore.

1550 4172 1847 4240 Sacerdos
1894 4192 2036 4240 cum
2082 4193 2226 4239 vase
2272 4177 2419 4240 ante
2466 4174 2845 4240 defunctam.

1470 4370 1601 4442 Cap.
1637 4372 1802 4427 XXV.
1862 4376 1880 4399 ·

1790 4471 1950 4513 Φ
2073 4474 2231 4538 <>
2944 4452 3057 4494 ⁴*-
3653 4472 3721 4545 [Β
3786 4487 3936 4528 00

1727 4649 1834 4715 Ro
1881 4668 1971 4715 en
2062 4650 2238 4714 crta
2418 4649 2603 4715 s-ka
2783 4668 2874 4717 en
2944 4669 3030 4716 sa
3143 4668 3259 4716 em
3512 4654 3746 4717 neter
3791 4670 3929 4733 xer
4068 4706 4074 4711 .

1649 4761 2014 4847 Capitulum
2060 4781 2180 4847 quo
2229 4761 2411 4828 homo
2460 4765 2752 4829 meminit
2842 4764 2947 4830 sui
3162 4763 3232 4828 in
3280 4761 3513 4831 divina
3557 4761 3820 4847 reqioi'w
3868 4750 4216 4849 inferiore.

1551 4893 1848 4961 Sacerdos
1893 4898 2039 4962 ante
2083 4895 2459 4962 defunctam.

1540 5133 1606 5203 (¹)
1641 5134 1708 5190 In
1744 5152 1945 5192 museo.
1985 5134 2118 5192 Tab.
2160 5137 2243 5190 14.
2280 5135 2345 5190 In
2383 5136 2544 5190 catal.
2586 5134 2889 5205 Champoll.
2930 5134 3062 5191 Tab.
3101 5134 3145 5201 Ι,
3182 5152 3307 5206 pag.
3348 5137 3431 5191 16.
