5034 6400
1866 621 2213 688 ...37-

1675 984 1753 1051 N.
1803 987 1907 1052 43.
1954 982 2241 1055 Folium
2288 981 2418 1056 IV.

667 1204 1001 1273 Comum
1049 1206 1103 1273 Ι.
1153 1206 1444 1275 Continet
1485 1209 1728 1293 partem
1773 1209 2032 1292 capituli
2083 1209 2248 1277 CXL
2296 1209 2475 1294 cujus
2522 1211 2752 1278 titulus
2798 1211 2988 1279 deest.
3037 1213 3112 1279 In
3157 1213 3273 1279 hoc
3302 1213 3579 1298 capitulo

483 1318 634 1384 sunt
676 1317 980 1401 quaedam
1022 1319 1320 1386 rubricae.

585 1449 803 1505 Titulus
841 1448 970 1520 Cap.
1009 1447 1164 1505 CXL.

663 1565 864 1635 Liber
909 1569 1461 1635 caeremoniarum
1507 1567 1644 1637 diei
1686 1569 1955 1638 ultimae
2000 1574 2307 1663 temporis
2354 1575 2574 1641 messis
2618 1573 2868 1660 quando
2905 1575 3139 1661 plenus
3186 1582 3278 1643 est
3322 1571 3410 1642 ut'
3423 1594 3462 1643 a
3507 1578 3577 1644 in

482 1674 593 1745 die
637 1678 875 1746 ultima
920 1680 1227 1763 temporis
1274 1681 1515 1747 messis.

663 1902 999 1969 COLUMNA
1045 1902 1131 1969 ΙΙ.
1182 1901 1472 1969 Continet
1514 1905 1755 1988 partem
1801 1905 2065 1988 capituli
2113 1905 2315 1973 CXLI
2347 1907 2479 1974 sine
2513 1908 2722 1989 titulo,
2755 1927 2867 1975 seu
2909 1909 3290 1978 oblationem
3336 1909 3568 1976 Osiridi

480 2012 552 2080 in
595 2014 882 2080 omnibus
927 2014 1281 2080 nominibus
1328 2015 1477 2081 suis.

579 2147 797 2203 Titulus
835 2163 951 2218 cap.
989 2145 1170 2202 CXLI.

668 2265 873 2334 Liber
916 2267 1030 2353 qui
1072 2265 1186 2334 dat
1218 2269 1688 2355 perfectionem
1729 2268 2026 2337 Manibus
2060 2289 2189 2356 per
2234 2272 2657 2356 coqnitionem
2703 2273 3026 2340 nominum
3081 2271 3341 2340 deorum
3403 2273 3570 2341 coeli

481 2376 937 2445 meridionalis
984 2384 1046 2445 et
1088 2380 1631 2464 septentrionalis,
1680 2379 1946 2447 deorum
1991 2379 2273 2467 duplicis
2317 2384 2623 2468 regionis,
2671 2383 2935 2451 deorum
2982 2387 3094 2470 qui
3111 2387 3571 2471 pertransiunt

479 2488 721 2568 Tuan.
768 2488 875 2555 Ad
897 2509 1078 2556 usum
1103 2489 1397 2576 defuncti
1419 2489 1506 2557 ad
1539 2491 1839 2558 honorem
1857 2495 2083 2577 patris
2114 2499 2175 2559 et
2206 2494 2437 2560 matris
2466 2513 2622 2561 suae
2645 2495 2719 2562 ob
2741 2496 3170 2581 festivitatem
3215 2495 3565 2562 Amenti.

479 2602 631 2685 Ipse
663 2601 1137 2686 perfectionem
1190 2603 1253 2668 ei
1305 2600 1425 2668 dat
1475 2602 1546 2668 in
1588 2602 1834 2688 spiritu
1877 2602 1986 2668 Ra
2030 2608 2090 2669 et
2144 2602 2404 2670 deorum
2437 2603 2809 2690 quibuscum
2854 2624 2985 2674 esse
3030 2605 3227 2673 debet.
3273 2607 3568 2675 Dicenda

476 2709 639 2777 haec
682 2717 829 2778 sunt
874 2713 944 2778 in
988 2711 1096 2778 die
1146 2712 1477 2779 novilunii
1518 2733 1560 2779 a
1605 2711 1905 2799 defuncto
1938 2762 1954 2776 .
2070 2763 2084 2778 .
2114 2764 2129 2779 .
2187 2717 2563 2801 offeruntur
2593 2734 2820 2802 panes,
2871 2766 3091 2783 .....
3143 2717 3342 2796 boves,
3392 2738 3560 2798 aves,

477 2820 646 2887 thus.
705 2822 1081 2907 offeruntur
1125 2822 1280 2890 haec
1325 2821 1646 2888 Osiridi
1691 2825 1763 2891 in
1809 2826 2097 2892 omnibus
2142 2826 2502 2893 nominibus
2546 2830 2681 2895 suis
2727 2849 2770 2895 a
2815 2827 3114 2915 defuncto
3148 2877 3339 2895 .....

659 3045 995 3113 COLUMNA
1039 3046 1164 3113 III.
1215 3047 1508 3115 Continet
1548 3050 1789 3133 partem
1835 3050 2097 3132 capituli
2144 3050 2381 3117 CXLII
2427 3070 2539 3118 seu
2582 3050 2838 3118 litanias
2884 3051 3147 3118 Osiridis
3186 3052 3320 3119 sine
3349 3051 3557 3118 titulo.

573 3178 795 3236 Titulus
830 3195 946 3252 cap.
986 3177 1197 3236 CXLII.

656 3298 857 3365 Liber
900 3300 1016 3385 qui
1060 3297 1174 3365 dat
1205 3299 1676 3385 perfectionem
1722 3299 2027 3367 Manibus
2073 3307 2133 3367 et
2178 3302 2337 3387 ipsis
2382 3299 2670 3368 concedit
2731 3300 3145 3368 deambulare
3190 3302 3260 3367 in
3320 3318 3558 3384 maqna

474 3411 656 3489 aula,
714 3412 898 3478 exire
950 3412 1021 3476 in
1072 3409 1180 3478 die
1231 3410 1345 3478 sub
1396 3414 1636 3499 formis
1690 3413 1979 3480 omnibus
2032 3432 2194 3498 quae
2240 3414 2400 3499 ipsis
2433 3412 2816 3498 placebunt:
2863 3419 2925 3481 et
2969 3415 3395 3498 coquitionem
3442 3411 3556 3480 dat

473 3523 759 3589 omnium
803 3525 1129 3590 nominum
1174 3522 1537 3590 Osiridis
1584 3526 1654 3592 in
1701 3525 2207 3593 habitationibus
2253 3525 2544 3593 omnibus
2587 3526 2703 3593 ubi
2747 3527 2883 3611 ipse
2928 3544 3058 3592 esse
3103 3523 3450 3592 desiderat.

660 3740 996 3810 Commu
1041 3743 1155 3809 IV.
1204 3742 1496 3812 Continet
1536 3746 1779 3827 partem
1823 3702 2086 3811 alteram
2132 3744 2409 3830 ejusdem
2454 3746 2719 3829 capituli
2767 3745 3023 3813 CXLII.

656 3987 992 4056 COLUMNA
1037 3990 1115 4056 V.
1166 3989 1453 4056 Continet
1496 3988 1683 4055 finem
1728 3990 1992 4075 capituli
2039 3990 2295 4057 CXLII.
2341 3990 2441 4056 Ad
2473 3990 2709 4057 calcem
2740 3991 3001 4075 capituli
3031 3995 3127 4059 est
3155 3994 3361 4080 imago
3393 3994 3553 4061 divi-

474 4127 701 4193 nitatis
745 4111 1074 4193 muliebris
1120 4145 1279 4209 quae
1322 4146 1514 4192 manu
1556 4127 1813 4193 sinistra
1858 4129 2107 4214 signum
2133 4128 2301 4195 vitae
2331 4149 2444 4196 seu
2479 4100 2560 4253 -Ῡ-
2611 4126 2800 4215 (anx)
2845 4129 3134 4236 sustinet.

654 4344 991 4413 COLUMNA
1036 4343 1149 4410 VI.
1199 4343 1490 4411 Continet
1532 4343 1787 4412 initium
1832 4344 2096 4429 capituli
2144 4344 2405 4411 CXLIV
2451 4345 2585 4413 sine
2627 4345 2837 4413 titulo.

568 4477 790 4534 Titulus
828 4494 943 4549 cap.
983 4475 1213 4532 CXLIV.

658 4597 948 4680 Coqnitio
996 4599 1323 4665 nominum
1370 4595 1696 4665 custodum
1741 4606 1972 4686 septem
2019 4598 2343 4665 aularum.
