5034 6400
1955 664 2044 675 .-.
2090 630 2175 695 65
2222 664 2306 678 -

732 767 1074 835 COLUMNA
1120 769 1235 836 IX.
1287 769 1584 855 Sequitur
1629 771 1797 837 idem
1846 768 2196 853 capitulum
2242 767 2676 853 compendiose
2724 769 3047 853 scriptum.
3096 767 3172 833 In
3226 767 3397 833 linea
3443 768 3538 834 IX
3586 770 3680 834 est

540 906 685 971 finis
732 905 995 990 capituli
1041 925 1185 972 cum
1231 907 1502 975 formula
1547 927 1671 993 qua
1713 909 1790 975 fit
1835 907 2073 974 oblatio
2120 905 2322 972 carnis
2370 925 2546 974 assae
2592 926 2703 974 seu
2925 904 3088 1003 ἓ
3112 913 3182 991 Q
3237 904 3499 973 aseru.

732 1057 809 1121 In
858 1056 1075 1123 eadem
1123 1057 1413 1126 columna
1458 1060 1554 1126 IX
1601 1058 1832 1142 incipit
1877 1057 2230 1142 capitulum
2279 1057 2536 1136 CXLII,
2586 1056 2696 1123 sed
2740 1056 2908 1123 male
2955 1055 3352 1139 conjunctum
3399 1057 3494 1121 est
3537 1054 3666 1120 alio

554 1166 923 1252 fragmento.
972 1167 1176 1233 Tituli
1222 1187 1422 1250 pauca
1467 1168 1647 1254 signa
1705 1169 2054 1252 supersunt.
2111 1165 2364 1232 Titulus
2412 1169 2575 1233 erat:
2625 1167 2828 1234 Liber
2878 1169 2991 1252 qui
3044 1165 3160 1232 dat
3198 1164 3675 1252 perfectionem

548 1278 894 1365 spiritibus
951 1287 1011 1347 et
1058 1282 1220 1366 ipsis
1268 1280 1562 1348 coneedit
1605 1287 1676 1348 ut
1710 1279 2075 1371 procedant
2110 1297 2241 1365 per
2287 1297 2590 1364 maynam
2637 1279 2880 1354 aulam,
2933 1285 3002 1344 ut
3050 1285 3282 1345 exeant
3318 1295 3447 1363 per
3510 1276 3678 1343 diem

555 1391 668 1457 sub
712 1391 955 1476 formis
1009 1391 1302 1458 omnibus
1349 1410 1510 1476 quae
1556 1394 1719 1479 ipsis
1752 1392 2056 1478 placeat:
2105 1396 2163 1457 et
2210 1389 2463 1457 indicat
2509 1392 2775 1456 nomina
2829 1388 3120 1458 Osiridis
3181 1393 3254 1456 in
3314 1390 3491 1456 omni
3535 1387 3679 1455 sede

561 1505 632 1569 z‘n
678 1522 807 1588 qua
854 1504 990 1590 ipse
1036 1522 1165 1570 esee
1211 1505 1370 1571 vult.
1421 1503 1822 1571 continuatio
1868 1503 1937 1568 in
1984 1499 2272 1569 columna
2316 1500 2544 1566 XVIII
2595 1503 2660 1568 et
2704 1500 2883 1566 XIX.

741 1724 1079 1792 COLUMNA
1128 1723 1208 1789 X.
1261 1723 1554 1791 Continet
1598 1742 1819 1789 nomen
1869 1722 2216 1802 defunctae,
2266 1723 2498 1789 litteris
2545 1721 2746 1789 altera
2791 1721 2979 1789 alteri
3023 1722 3384 1807 suppositis,

745 1950 1084 2018 COLUMNA
1132 1951 1248 2016 XI.
1300 1950 1592 2018 Continet
1639 1949 2059 2017 invocationes
2107 1950 2395 2015 Osiridis.

747 2176 1087 2243 COLUMNA
1134 2174 1284 2240 XII.
1334 2173 1781 2260 Fragmentum
1828 2176 2036 2240 textus
2082 2174 2361 2240 lacunosi
2408 2175 2473 2239 in
2522 2193 2643 2258 quo
2689 2175 2921 2242 titulus
2968 2193 3087 2241 non
3134 2173 3410 2257 adparet.

734 2398 1073 2466 Comum
1120 2395 1309 2462 XIII.
1360 2366 1725 2478 Capitulum
1772 2395 1873 2462 cui
1920 2396 2184 2462 titulus:

1272 2530 1429 2644 <1>
1630 2563 1784 2644 ΞΞ
1811 2569 1903 2636 Α
1940 2530 2103 2681 Ἶςῇ
2137 2546 2285 2668 ΝΞΛ
2315 2586 2473 2629 0
2525 2572 2593 2641 >k
2627 2531 2772 2683 Q
2808 2566 2877 2645 Q
2906 2570 3013 2643 ff]

1275 2654 1423 2680 ΛΜΝᾺ

1210 2707 1319 2773 Ro
1366 2725 1453 2772 en
1502 2707 1589 2783 tu
1678 2724 1816 2790 per
1860 2709 2096 2773 neter
2141 2727 2292 2791 pen
2355 2726 2435 2772 er
2615 2708 2838 2789 'I'uau

982 2824 1353 2911 Capitulum
1399 2841 1520 2909 quo
1567 2824 1646 2908 fit
1690 2828 1761 2888 ut
1809 2829 1999 2890 exeat
2045 2822 2200 2890 deus
2247 2826 2371 2891 iste
2448 2825 2518 2890 in
2564 2826 2890 2908 reqionem
2937 2825 3177 2906 Tuau.

748 2980 844 3047 De
891 2980 1199 3047 columnis
1248 2977 1613 3058 XIV-XVI,
1663 2977 1806 3044 vide
1853 2979 2018 3061 quod
2065 2979 2246 3045 initio
2276 2975 2481 3064 'hujus
2531 2980 2966 3064 descriptionis
3012 2982 3392 3066 praemonui.

743 3205 1080 3273 Commu
1126 3204 1336 3270 XVII.
1388 3204 1684 3270 Continet
1727 3207 1971 3286 partem
2018 3206 2224 3271 textus
2273 3205 2575 3273 lacunosi.
2625 3208 2904 3292 Explicit
2946 3169 3034 3273 in·
3059 3207 3282 3273 verba:

1860 3337 1954 3404 A
1990 3333 2059 3412 Q
2087 3348 2241 3392 ²*—
2267 3334 2321 3406 Ξ
2355 3333 2423 3412 Q

2027 3438 2158 3503 iuf
2282 3458 2383 3523 pu
2473 3439 2683 3526 (finis)

745 3549 917 3615 Haec
966 3566 1148 3631 saepe
1193 3547 1596 3614 inveniuntur
1644 3546 1724 3613 ad
1769 3546 2008 3614 calcem
2054 3569 2188 3633 cap.
2240 3550 2498 3618 CLXII.

750 3772 1088 3840 Commu
1134 3769 1362 3837 XVIII
1410 3772 1474 3837 et
1519 3769 1697 3835 XIX.
1750 3769 2086 3837 Continent
2129 3776 2373 3857 partem
2419 3792 2557 3857 cap.
2609 3773 2845 3841 CXLII
2893 3792 3036 3840 cum
3083 3773 3294 3840 titulis
3340 3772 3625 3840 Osiridis.
