<?xml version="1.0" encoding="UTF-8"?>
<!DOCTYPE html PUBLIC "-//W3C//DTD XHTML 1.0 Transitional//EN"
    "http://www.w3.org/TR/xhtml1/DTD/xhtml1-transitional.dtd">
<html xmlns="http://www.w3.org/1999/xhtml" xml:lang="en" lang="en">
 <head>
  <title>
</title>
<meta http-equiv="Content-Type" content="text/html;charset=utf-8" />
  <meta name='ocr-system' content='tesseract 3.04.00' />
  <meta name='ocr-capabilities' content='ocr_page ocr_carea ocr_par ocr_line ocrx_word'/>
</head>
<body>
  <div class='ocr_page' id='page_1' title='image "./monumentapapyra00biblgoog_0009.png"; bbox 0 0 5034 6400; ppageno 0'>
   <div class='ocr_carea' id='block_1_1' title="bbox 548 640 3658 1121">
    <p class='ocr_par' dir='ltr' id='par_1_1' title="bbox 548 640 3658 1121">
     <span class='ocr_line' id='line_1_1' title="bbox 1924 640 2293 690; baseline -0.011 0"><span class='ocrx_word' id='word_1_1' title='bbox 1924 659 2012 671; x_wconf 93' lang='lat'>—</span> <span class='ocrx_word' id='word_1_2' title='bbox 2056 640 2160 690; x_wconf 82' lang='lat' dir='ltr'><strong>vn</strong></span> <span class='ocrx_word' id='word_1_3' title='bbox 2205 656 2293 668; x_wconf 92' lang='lat'>—</span> 
     </span>
     <span class='ocr_line' id='line_1_2' title="bbox 548 761 3656 854; baseline -0.003 -17"><span class='ocrx_word' id='word_1_4' title='bbox 548 770 842 837; x_wconf 77' lang='lat' dir='ltr'>funebres</span> <span class='ocrx_word' id='word_1_5' title='bbox 886 769 1303 837; x_wconf 85' lang='lat' dir='ltr'><strong>caeremonias</strong></span> <span class='ocrx_word' id='word_1_6' title='bbox 1349 767 1612 854; x_wconf 84' lang='lat' dir='ltr'><strong>attingit</strong></span> <span class='ocrx_word' id='word_1_7' title='bbox 1658 770 1940 835; x_wconf 87' lang='lat' dir='ltr'><strong>veterum</strong></span> <span class='ocrx_word' id='word_1_8' title='bbox 1985 765 2470 853; x_wconf 82' lang='lat' dir='ltr'><strong>Aegyptiorum3</strong></span> <span class='ocrx_word' id='word_1_9' title='bbox 2532 761 3061 850; x_wconf 75' lang='lat' dir='ltr'><strong>peregrinationes</strong></span> <span class='ocrx_word' id='word_1_10' title='bbox 3106 780 3251 829; x_wconf 84' lang='lat' dir='ltr'><strong>vero</strong></span> <span class='ocrx_word' id='word_1_11' title='bbox 3303 761 3656 828; x_wconf 82' lang='lat' dir='ltr'><strong>animarum</strong></span> 
     </span>
     <span class='ocr_line' id='line_1_3' title="bbox 550 874 3657 995; baseline -0.004 -23"><span class='ocrx_word' id='word_1_12' title='bbox 550 905 731 990; x_wconf 82' lang='lat' dir='ltr'><strong>plene</strong></span> <span class='ocrx_word' id='word_1_13' title='bbox 777 904 1112 995; x_wconf 63' lang='lat' dir='ltr'><strong>describit,</strong></span> <span class='ocrx_word' id='word_1_14' title='bbox 1134 902 1449 988; x_wconf 90' lang='lat' dir='ltr'><strong>judicium</strong></span> <span class='ocrx_word' id='word_1_15' title='bbox 1493 901 1762 970; x_wconf 79' lang='lat' dir='ltr'>Osiridis</span> <span class='ocrx_word' id='word_1_16' title='bbox 1810 900 2064 969; x_wconf 82' lang='lat' dir='ltr'><strong>exhibet</strong></span> <span class='ocrx_word' id='word_1_17' title='bbox 2087 903 2153 967; x_wconf 91' lang='lat' dir='ltr'><strong>et</strong></span> <span class='ocrx_word' id='word_1_18' title='bbox 2181 874 2395 984; x_wconf 68' lang='lat' dir='ltr'><strong>preces</strong></span> <span class='ocrx_word' id='word_1_19' title='bbox 2441 918 2514 965; x_wconf 90' lang='lat' dir='ltr'><strong>ac</strong></span> <span class='ocrx_word' id='word_1_20' title='bbox 2557 896 2859 964; x_wconf 87' lang='lat' dir='ltr'><strong>formulas</strong></span> <span class='ocrx_word' id='word_1_21' title='bbox 2906 897 3199 973; x_wconf 84' lang='lat' dir='ltr'><strong>continet,</strong></span> <span class='ocrx_word' id='word_1_22' title='bbox 3247 914 3511 980; x_wconf 85' lang='lat' dir='ltr'><strong>quarum</strong></span> <span class='ocrx_word' id='word_1_23' title='bbox 3540 913 3657 979; x_wconf 89' lang='lat' dir='ltr'><strong>ope</strong></span> 
     </span>
     <span class='ocr_line' id='line_1_4' title="bbox 555 1029 3658 1121; baseline -0.004 -14"><span class='ocrx_word' id='word_1_24' title='bbox 555 1041 883 1108; x_wconf 86' lang='lat' dir='ltr'><strong>defunctus</strong></span> <span class='ocrx_word' id='word_1_25' title='bbox 915 1039 997 1106; x_wconf 88' lang='lat' dir='ltr'><strong>ad</strong></span> <span class='ocrx_word' id='word_1_26' title='bbox 1026 1039 1485 1106; x_wconf 87' lang='lat' dir='ltr'><strong>beatitudinem</strong></span> <span class='ocrx_word' id='word_1_27' title='bbox 1532 1037 1981 1121; x_wconf 84' lang='lat' dir='ltr'><strong>assequendam</strong></span> <span class='ocrx_word' id='word_1_28' title='bbox 2024 1035 2349 1119; x_wconf 84' lang='lat' dir='ltr'><strong>pervenire</strong></span> <span class='ocrx_word' id='word_1_29' title='bbox 2407 1033 2628 1118; x_wconf 88' lang='lat' dir='ltr'><strong>possit.</strong></span> <span class='ocrx_word' id='word_1_30' title='bbox 2661 1032 2788 1099; x_wconf 93' lang='lat' dir='ltr'><strong>Hic</strong></span> <span class='ocrx_word' id='word_1_31' title='bbox 2834 1033 3047 1099; x_wconf 87' lang='lat' dir='ltr'><strong>autem</strong></span> <span class='ocrx_word' id='word_1_32' title='bbox 3090 1031 3317 1098; x_wconf 88' lang='lat' dir='ltr'><strong>titulus</strong></span> <span class='ocrx_word' id='word_1_33' title='bbox 3363 1049 3402 1096; x_wconf 98' lang='lat' dir='ltr'><strong>a</strong></span> <span class='ocrx_word' id='word_1_34' title='bbox 3431 1029 3658 1114; x_wconf 90' lang='lat' dir='ltr'><strong>Lepsio</strong></span> 
     </span>
    </p>
   </div>
   <div class='ocr_carea' id='block_1_2' title="bbox 557 1165 3655 1397">
    <p class='ocr_par' dir='ltr' id='par_1_2' title="bbox 557 1165 3655 1397">
     <span class='ocr_line' id='line_1_5' title="bbox 559 1165 3655 1260; baseline -0.006 -13"><span class='ocrx_word' id='word_1_35' title='bbox 559 1174 965 1260; x_wconf 74' lang='lat' dir='ltr'><strong>excogitatus,</strong></span> <span class='ocrx_word' id='word_1_36' title='bbox 1013 1171 1329 1240; x_wconf 85' lang='lat' dir='ltr'><strong>veteribus</strong></span> <span class='ocrx_word' id='word_1_37' title='bbox 1358 1171 1691 1257; x_wconf 81' lang='lat' dir='ltr'><strong>Aegyptiis</strong></span> <span class='ocrx_word' id='word_1_38' title='bbox 1721 1188 1968 1256; x_wconf 86' lang='lat' dir='ltr'><strong>prorsus</strong></span> <span class='ocrx_word' id='word_1_39' title='bbox 1997 1171 2252 1255; x_wconf 87' lang='lat' dir='ltr'><strong>ignotus</strong></span> <span class='ocrx_word' id='word_1_40' title='bbox 2308 1171 2474 1235; x_wconf 88' lang='lat' dir='ltr'><strong>erat:</strong></span> <span class='ocrx_word' id='word_1_41' title='bbox 2509 1170 2574 1234; x_wconf 93' lang='lat' dir='ltr'><strong>et</strong></span> <span class='ocrx_word' id='word_1_42' title='bbox 2601 1167 2977 1234; x_wconf 76' lang='lat' dir='ltr'><strong>recentiores</strong></span> <span class='ocrx_word' id='word_1_43' title='bbox 3007 1165 3402 1253; x_wconf 81' lang='lat' dir='ltr'><strong>aegyptologi</strong></span> <span class='ocrx_word' id='word_1_44' title='bbox 3432 1183 3655 1231; x_wconf 90' lang='lat' dir='ltr'><strong>nomen</strong></span> 
     </span>
     <span class='ocr_line' id='line_1_6' title="bbox 557 1300 3637 1397; baseline -0.004 -20"><span class='ocrx_word' id='word_1_45' title='bbox 557 1309 901 1397; x_wconf 80' lang='lat' dir='ltr'><strong>genuinum</strong></span> <span class='ocrx_word' id='word_1_46' title='bbox 942 1307 1148 1374; x_wconf 87' lang='lat' dir='ltr'><strong>libelli</strong></span> <span class='ocrx_word' id='word_1_47' title='bbox 1197 1307 1262 1372; x_wconf 92' lang='lat' dir='ltr'><strong>in</strong></span> <span class='ocrx_word' id='word_1_48' title='bbox 1307 1307 1444 1391; x_wconf 87' lang='lat' dir='ltr'><strong>ipso</strong></span> <span class='ocrx_word' id='word_1_49' title='bbox 1488 1308 1667 1374; x_wconf 89' lang='lat' dir='ltr'><strong>textu</strong></span> <span class='ocrx_word' id='word_1_50' title='bbox 1713 1305 2104 1384; x_wconf 82' lang='lat' dir='ltr'><strong>invenerunt,</strong></span> <span class='ocrx_word' id='word_1_51' title='bbox 2151 1304 2316 1387; x_wconf 90' lang='lat' dir='ltr'><strong>quod</strong></span> <span class='ocrx_word' id='word_1_52' title='bbox 2359 1304 2476 1370; x_wconf 90' lang='lat' dir='ltr'><strong>hoc</strong></span> <span class='ocrx_word' id='word_1_53' title='bbox 2519 1302 2702 1369; x_wconf 90' lang='lat' dir='ltr'><strong>modo</strong></span> <span class='ocrx_word' id='word_1_54' title='bbox 2749 1302 3106 1370; x_wconf 87' lang='lat' dir='ltr'><strong>constanter</strong></span> <span class='ocrx_word' id='word_1_55' title='bbox 3149 1300 3420 1389; x_wconf 79' lang='lat' dir='ltr'><strong>legitur:</strong></span> <span class='ocrx_word' id='word_1_56' title='bbox 3634 1316 3637 1320; x_wconf 67' lang='grc'>“</span> 
     </span>
    </p>
   </div>
   <div class='ocr_carea' id='block_1_3' title="bbox 1508 1525 2710 1946">
    <p class='ocr_par' dir='ltr' id='par_1_3' title="bbox 1509 1525 2710 1683">
     <span class='ocr_line' id='line_1_7' title="bbox 1509 1525 2710 1683; baseline -0.007 -78"><span class='ocrx_word' id='word_1_57' title='bbox 1509 1529 1755 1575; x_wconf 62' lang='lat'>&#39;³1³0</span> <span class='ocrx_word' id='word_1_58' title='bbox 1791 1525 2292 1683; x_wconf 32' lang='grc' dir='ltr'><strong>ὟΞΞἏ</strong></span> <span class='ocrx_word' id='word_1_59' title='bbox 2364 1530 2436 1598; x_wconf 76' lang='grc' dir='ltr'><strong>[ἵ]</strong></span> <span class='ocrx_word' id='word_1_60' title='bbox 2507 1525 2710 1680; x_wconf 34' lang='grc' dir='ltr'><strong>ξε)</strong></span> 
     </span>
    </p>

    <p class='ocr_par' dir='ltr' id='par_1_4' title="bbox 1508 1608 2686 1811">
     <span class='ocr_line' id='line_1_8' title="bbox 1508 1608 2686 1680; baseline -0.003 0"><span class='ocrx_word' id='word_1_61' title='bbox 1508 1635 1661 1680; x_wconf 71' lang='grc' dir='ltr'><strong>..-Δ</strong></span> <span class='ocrx_word' id='word_1_62' title='bbox 1988 1608 2080 1675; x_wconf 75' lang='lat' dir='ltr'><em>A</em></span> <span class='ocrx_word' id='word_1_63' title='bbox 2322 1635 2482 1677; x_wconf 85' lang='lat'><strong>&lt;&gt;</strong></span> <span class='ocrx_word' id='word_1_64' title='bbox 2674 1617 2686 1676; x_wconf 92' lang='grc' dir='ltr'>Ι</span> 
     </span>
     <span class='ocr_line' id='line_1_9' title="bbox 1675 1718 2599 1811; baseline -0.001 -18"><span class='ocrx_word' id='word_1_65' title='bbox 1675 1726 1810 1794; x_wconf 75' lang='lat' dir='ltr'><strong>sat</strong></span> <span class='ocrx_word' id='word_1_66' title='bbox 1928 1718 2104 1811; x_wconf 91' lang='lat' dir='ltr'><strong>per</strong></span> <span class='ocrx_word' id='word_1_67' title='bbox 2151 1746 2266 1794; x_wconf 92' lang='lat' dir='ltr'><strong>em</strong></span> <span class='ocrx_word' id='word_1_68' title='bbox 2401 1725 2599 1792; x_wconf 89' lang='lat' dir='ltr'><strong>heru</strong></span> 
     </span>
    </p>

    <p class='ocr_par' dir='ltr' id='par_1_5' title="bbox 1516 1858 2703 1946">
     <span class='ocr_line' id='line_1_10' title="bbox 1516 1858 2703 1946; baseline -0.005 -18"><span class='ocrx_word' id='word_1_69' title='bbox 1516 1861 1717 1930; x_wconf 80' lang='lat' dir='ltr'><strong>Liber</strong></span> <span class='ocrx_word' id='word_1_70' title='bbox 1761 1862 1978 1929; x_wconf 75' lang='lat' dir='ltr'><strong>exitus</strong></span> <span class='ocrx_word' id='word_1_71' title='bbox 2025 1881 2057 1928; x_wconf 83' lang='lat' dir='ltr'><strong>e</strong></span> <span class='ocrx_word' id='word_1_72' title='bbox 2104 1860 2212 1928; x_wconf 78' lang='lat' dir='ltr'><strong>die</strong></span> <span class='ocrx_word' id='word_1_73' title='bbox 2256 1858 2413 1946; x_wconf 80' lang='lat' dir='ltr'><strong>(vel)</strong></span> <span class='ocrx_word' id='word_1_74' title='bbox 2460 1860 2532 1927; x_wconf 77' lang='lat' dir='ltr'><strong>in</strong></span> <span class='ocrx_word' id='word_1_75' title='bbox 2577 1858 2703 1927; x_wconf 76' lang='lat' dir='ltr'><strong>die.</strong></span> 
     </span>
    </p>
   </div>
   <div class='ocr_carea' id='block_1_4' title="bbox 568 2088 3704 4492">
    <p class='ocr_par' dir='ltr' id='par_1_6' title="bbox 568 2088 3704 3422">
     <span class='ocr_line' id='line_1_11' title="bbox 722 2088 3665 2240; baseline -0.003 -48"><span class='ocrx_word' id='word_1_76' title='bbox 722 2124 906 2193; x_wconf 51' lang='lat' dir='ltr'><strong>‘Cum</strong></span> <span class='ocrx_word' id='word_1_77' title='bbox 960 2124 1270 2208; x_wconf 87' lang='lat' dir='ltr'><strong>particula</strong></span> <span class='ocrx_word' id='word_1_78' title='bbox 1322 2088 1471 2240; x_wconf 38' lang='lat' dir='ltr'>R</span> <span class='ocrx_word' id='word_1_79' title='bbox 1533 2142 1675 2202; x_wconf 89' lang='lat' dir='ltr'><strong>em,</strong></span> <span class='ocrx_word' id='word_1_80' title='bbox 1739 2140 1933 2205; x_wconf 89' lang='lat' dir='ltr'><strong>aeque</strong></span> <span class='ocrx_word' id='word_1_81' title='bbox 1980 2143 2060 2190; x_wconf 72' lang='lat' dir='ltr'><strong>ex</strong></span> <span class='ocrx_word' id='word_1_82' title='bbox 2118 2124 2184 2187; x_wconf 89' lang='lat' dir='ltr'><strong>et</strong></span> <span class='ocrx_word' id='word_1_83' title='bbox 2229 2121 2309 2188; x_wconf 84' lang='lat' dir='ltr'><strong>ab</strong></span> <span class='ocrx_word' id='word_1_84' title='bbox 2354 2123 2467 2187; x_wconf 92' lang='lat' dir='ltr'><strong>aut</strong></span> <span class='ocrx_word' id='word_1_85' title='bbox 2525 2120 2719 2186; x_wconf 89' lang='lat' dir='ltr'><strong>etiam</strong></span> <span class='ocrx_word' id='word_1_86' title='bbox 2784 2123 2858 2188; x_wconf 81' lang='lat' dir='ltr'><strong>in</strong></span> <span class='ocrx_word' id='word_1_87' title='bbox 2909 2119 3013 2186; x_wconf 82' lang='lat' dir='ltr'><strong>vel</strong></span> <span class='ocrx_word' id='word_1_88' title='bbox 3080 2118 3168 2186; x_wconf 83' lang='lat' dir='ltr'><strong>ad</strong></span> <span class='ocrx_word' id='word_1_89' title='bbox 3209 2118 3389 2185; x_wconf 82' lang='lat' dir='ltr'><strong>reddi</strong></span> <span class='ocrx_word' id='word_1_90' title='bbox 3446 2118 3665 2202; x_wconf 89' lang='lat' dir='ltr'><strong>possit,</strong></span> 
     </span>
     <span class='ocr_line' id='line_1_12' title="bbox 568 2256 3667 2342; baseline -0.002 -13"><span class='ocrx_word' id='word_1_91' title='bbox 568 2263 809 2329; x_wconf 87' lang='lat' dir='ltr'><strong>factum</strong></span> <span class='ocrx_word' id='word_1_92' title='bbox 857 2264 954 2327; x_wconf 85' lang='lat' dir='ltr'><strong>est</strong></span> <span class='ocrx_word' id='word_1_93' title='bbox 996 2264 1070 2326; x_wconf 89' lang='lat' dir='ltr'><strong>ut</strong></span> <span class='ocrx_word' id='word_1_94' title='bbox 1115 2261 1282 2328; x_wconf 88' lang='lat' dir='ltr'><strong>docti</strong></span> <span class='ocrx_word' id='word_1_95' title='bbox 1327 2261 1609 2326; x_wconf 87' lang='lat' dir='ltr'><strong>homines</strong></span> <span class='ocrx_word' id='word_1_96' title='bbox 1656 2259 1732 2325; x_wconf 92' lang='lat' dir='ltr'><strong>de</strong></span> <span class='ocrx_word' id='word_1_97' title='bbox 1776 2258 1891 2325; x_wconf 89' lang='lat' dir='ltr'><strong>hoc</strong></span> <span class='ocrx_word' id='word_1_98' title='bbox 1936 2257 2126 2325; x_wconf 89' lang='lat' dir='ltr'><strong>titulo</strong></span> <span class='ocrx_word' id='word_1_99' title='bbox 2179 2257 2603 2342; x_wconf 77' lang='lat' dir='ltr'><strong>disceptantes</strong></span> <span class='ocrx_word' id='word_1_100' title='bbox 2648 2259 2715 2323; x_wconf 92' lang='lat' dir='ltr'><strong>in</strong></span> <span class='ocrx_word' id='word_1_101' title='bbox 2778 2256 2932 2324; x_wconf 89' lang='lat' dir='ltr'><strong>duas</strong></span> <span class='ocrx_word' id='word_1_102' title='bbox 2993 2257 3360 2341; x_wconf 88' lang='lat' dir='ltr'><strong>praesertim</strong></span> <span class='ocrx_word' id='word_1_103' title='bbox 3419 2258 3667 2322; x_wconf 89' lang='lat' dir='ltr'><strong>senten-</strong></span> 
     </span>
     <span class='ocr_line' id='line_1_13' title="bbox 568 2388 3667 2478; baseline -0.002 -14"><span class='ocrx_word' id='word_1_104' title='bbox 568 2398 690 2464; x_wconf 91' lang='lat' dir='ltr'><strong>tias</strong></span> <span class='ocrx_word' id='word_1_105' title='bbox 736 2395 1024 2463; x_wconf 90' lang='lat' dir='ltr'><strong>abierint.</strong></span> <span class='ocrx_word' id='word_1_106' title='bbox 1073 2394 1443 2462; x_wconf 89' lang='lat' dir='ltr'><strong>Lefeburius</strong></span> <span class='ocrx_word' id='word_1_107' title='bbox 1484 2393 1751 2460; x_wconf 83' lang='lat' dir='ltr'><strong>titulum</strong></span> <span class='ocrx_word' id='word_1_108' title='bbox 1795 2393 1961 2458; x_wconf 88' lang='lat' dir='ltr'><strong>hunc</strong></span> <span class='ocrx_word' id='word_1_109' title='bbox 1994 2392 2070 2458; x_wconf 90' lang='lat' dir='ltr'><strong>de</strong></span> <span class='ocrx_word' id='word_1_110' title='bbox 2102 2393 2272 2459; x_wconf 88' lang='lat' dir='ltr'><strong>exitu</strong></span> <span class='ocrx_word' id='word_1_111' title='bbox 2316 2420 2341 2449; x_wconf 69' lang='lat' dir='ltr'><strong><em>a</em></strong></span> <span class='ocrx_word' id='word_1_112' title='bbox 2378 2395 2451 2460; x_wconf 80' lang='lat' dir='ltr'><strong>in</strong></span> <span class='ocrx_word' id='word_1_113' title='bbox 2482 2391 2588 2459; x_wconf 81' lang='lat' dir='ltr'><strong>die</strong></span> <span class='ocrx_word' id='word_1_114' title='bbox 2621 2417 2648 2447; x_wconf 66' lang='lat' dir='ltr'><strong>a</strong></span> <span class='ocrx_word' id='word_1_115' title='bbox 2707 2391 2846 2476; x_wconf 88' lang='lat' dir='ltr'><strong>(seu</strong></span> <span class='ocrx_word' id='word_1_116' title='bbox 2892 2392 3031 2459; x_wconf 76' lang='lat' dir='ltr'><strong>luce</strong></span> <span class='ocrx_word' id='word_1_117' title='bbox 3076 2390 3215 2459; x_wconf 79' lang='lat' dir='ltr'><strong>diei</strong></span> <span class='ocrx_word' id='word_1_118' title='bbox 3230 2388 3667 2478; x_wconf 79' lang='lat' dir='ltr'><strong>perdurante)</strong></span> 
     </span>
     <span class='ocr_line' id='line_1_14' title="bbox 572 2524 3671 2613; baseline -0.002 -16"><span class='ocrx_word' id='word_1_119' title='bbox 572 2528 910 2609; x_wconf 86' lang='lat' dir='ltr'><strong>intellexit,</strong></span> <span class='ocrx_word' id='word_1_120' title='bbox 957 2532 1282 2613; x_wconf 79' lang='lat' dir='ltr'><strong>tamquam</strong></span> <span class='ocrx_word' id='word_1_121' title='bbox 1325 2528 1430 2594; x_wconf 89' lang='lat' dir='ltr'><strong>hic</strong></span> <span class='ocrx_word' id='word_1_122' title='bbox 1475 2528 1641 2594; x_wconf 91' lang='lat' dir='ltr'><strong>liber</strong></span> <span class='ocrx_word' id='word_1_123' title='bbox 1686 2526 1976 2593; x_wconf 79' lang='lat' dir='ltr'><strong>defuncto</strong></span> <span class='ocrx_word' id='word_1_124' title='bbox 2021 2526 2088 2592; x_wconf 88' lang='lat' dir='ltr'><strong>in</strong></span> <span class='ocrx_word' id='word_1_125' title='bbox 2134 2527 2340 2592; x_wconf 91' lang='lat' dir='ltr'><strong>lucem</strong></span> <span class='ocrx_word' id='word_1_126' title='bbox 2401 2524 2588 2609; x_wconf 90' lang='lat' dir='ltr'><strong>hujus</strong></span> <span class='ocrx_word' id='word_1_127' title='bbox 2639 2524 2857 2592; x_wconf 91' lang='lat' dir='ltr'><strong>mundi</strong></span> <span class='ocrx_word' id='word_1_128' title='bbox 2919 2525 3082 2591; x_wconf 90' lang='lat' dir='ltr'><strong>exire</strong></span> <span class='ocrx_word' id='word_1_129' title='bbox 3141 2527 3517 2608; x_wconf 87' lang='lat' dir='ltr'><strong>potestatem</strong></span> <span class='ocrx_word' id='word_1_130' title='bbox 3577 2525 3671 2592; x_wconf 84' lang='lat' dir='ltr'><strong>fa-</strong></span> 
     </span>
     <span class='ocr_line' id='line_1_15' title="bbox 572 2659 3671 2751; baseline -0.001 -20"><span class='ocrx_word' id='word_1_131' title='bbox 572 2668 740 2732; x_wconf 87' lang='lat' dir='ltr'><strong>ceret</strong></span> <span class='ocrx_word' id='word_1_132' title='bbox 791 2663 894 2751; x_wconf 91' lang='lat'><strong>(¹).</strong></span> <span class='ocrx_word' id='word_1_133' title='bbox 959 2663 1080 2731; x_wconf 86' lang='lat' dir='ltr'><strong>Sed</strong></span> <span class='ocrx_word' id='word_1_134' title='bbox 1144 2665 1408 2729; x_wconf 79' lang='lat' dir='ltr'><strong>Deveria</strong></span> <span class='ocrx_word' id='word_1_135' title='bbox 1471 2666 1535 2729; x_wconf 85' lang='lat' dir='ltr'><strong>et</strong></span> <span class='ocrx_word' id='word_1_136' title='bbox 1593 2662 1885 2728; x_wconf 89' lang='lat' dir='ltr'><strong>Birchius</strong></span> <span class='ocrx_word' id='word_1_137' title='bbox 1943 2659 2046 2747; x_wconf 84' lang='lat'><strong>(²),</strong></span> <span class='ocrx_word' id='word_1_138' title='bbox 2096 2664 2161 2727; x_wconf 88' lang='lat' dir='ltr'><strong>et</strong></span> <span class='ocrx_word' id='word_1_139' title='bbox 2219 2679 2414 2744; x_wconf 87' lang='lat' dir='ltr'><strong>nuper</strong></span> <span class='ocrx_word' id='word_1_140' title='bbox 2473 2660 2807 2727; x_wconf 78' lang='lat' dir='ltr'><strong>Eduardus</strong></span> <span class='ocrx_word' id='word_1_141' title='bbox 2869 2659 3192 2727; x_wconf 84' lang='lat' dir='ltr'><strong>Navillius</strong></span> <span class='ocrx_word' id='word_1_142' title='bbox 3252 2659 3355 2747; x_wconf 79' lang='grc'>(3),</span> <span class='ocrx_word' id='word_1_143' title='bbox 3417 2679 3671 2737; x_wconf 84' lang='lat' dir='ltr'><strong>sensum</strong></span> 
     </span>
     <span class='ocr_line' id='line_1_16' title="bbox 572 2793 3704 2889; baseline -0.001 -25"><span class='ocrx_word' id='word_1_144' title='bbox 572 2798 755 2864; x_wconf 87' lang='lat' dir='ltr'><strong>tituli</strong></span> <span class='ocrx_word' id='word_1_145' title='bbox 799 2817 936 2881; x_wconf 90' lang='lat' dir='ltr'><strong>per</strong></span> <span class='ocrx_word' id='word_1_146' title='bbox 983 2817 1098 2864; x_wconf 91' lang='lat' dir='ltr'><strong>em</strong></span> <span class='ocrx_word' id='word_1_147' title='bbox 1141 2798 1338 2864; x_wconf 88' lang='lat' dir='ltr'><strong>heru</strong></span> <span class='ocrx_word' id='word_1_148' title='bbox 1368 2795 1851 2883; x_wconf 83' lang='lat' dir='ltr'><strong>intelligendum</strong></span> <span class='ocrx_word' id='word_1_149' title='bbox 1885 2813 2019 2862; x_wconf 90' lang='lat' dir='ltr'><strong>esse</strong></span> <span class='ocrx_word' id='word_1_150' title='bbox 2050 2796 2390 2861; x_wconf 86' lang='lat' dir='ltr'><strong>docuerunt</strong></span> <span class='ocrx_word' id='word_1_151' title='bbox 2413 2793 2489 2860; x_wconf 89' lang='lat' dir='ltr'><strong>de</strong></span> <span class='ocrx_word' id='word_1_152' title='bbox 2523 2795 2698 2860; x_wconf 88' lang='lat' dir='ltr'><strong>exitu</strong></span> <span class='ocrx_word' id='word_1_153' title='bbox 2742 2822 2768 2852; x_wconf 75' lang='lat' dir='ltr'><em>u</em></span> <span class='ocrx_word' id='word_1_154' title='bbox 2803 2814 2837 2861; x_wconf 84' lang='lat' dir='ltr'><strong>e</strong></span> <span class='ocrx_word' id='word_1_155' title='bbox 2869 2793 2977 2862; x_wconf 80' lang='lat' dir='ltr'><strong>die</strong></span> <span class='ocrx_word' id='word_1_156' title='bbox 3009 2820 3036 2850; x_wconf 65' lang='lat' dir='ltr'>a</span> <span class='ocrx_word' id='word_1_157' title='bbox 3080 2812 3190 2860; x_wconf 90' lang='lat' dir='ltr'><strong>seu</strong></span> <span class='ocrx_word' id='word_1_158' title='bbox 3213 2794 3289 2860; x_wconf 91' lang='lat' dir='ltr'><strong>de</strong></span> <span class='ocrx_word' id='word_1_159' title='bbox 3322 2795 3495 2862; x_wconf 79' lang='lat' dir='ltr'><strong>exitu</strong></span> <span class='ocrx_word' id='word_1_160' title='bbox 3538 2821 3565 2851; x_wconf 71' lang='grc' dir='ltr'>κ</span> <span class='ocrx_word' id='word_1_161' title='bbox 3592 2795 3704 2889; x_wconf 28' lang='grc' dir='ltr'><strong>αὑ,</strong></span> 
     </span>
     <span class='ocr_line' id='line_1_17' title="bbox 577 2928 3674 3015; baseline -0.002 -15"><span class='ocrx_word' id='word_1_162' title='bbox 577 2935 697 3000; x_wconf 77' lang='lat' dir='ltr'><strong>hac</strong></span> <span class='ocrx_word' id='word_1_163' title='bbox 744 2936 887 3000; x_wconf 75' lang='lat' dir='ltr'><strong>vita</strong></span> <span class='ocrx_word' id='word_1_164' title='bbox 933 2933 1207 3000; x_wconf 73' lang='lat' dir='ltr'><strong>mortali</strong></span> <span class='ocrx_word' id='word_1_165' title='bbox 1239 2959 1298 3011; x_wconf 73' lang='lat' dir='ltr'><strong>n,</strong></span> <span class='ocrx_word' id='word_1_166' title='bbox 1347 2934 1421 2997; x_wconf 92' lang='lat' dir='ltr'><strong>ut</strong></span> <span class='ocrx_word' id='word_1_167' title='bbox 1465 2931 1724 3014; x_wconf 88' lang='lat' dir='ltr'><strong>spiritus</strong></span> <span class='ocrx_word' id='word_1_168' title='bbox 1769 2950 1962 3014; x_wconf 88' lang='lat' dir='ltr'><strong>purus</strong></span> <span class='ocrx_word' id='word_1_169' title='bbox 2009 2948 2082 2995; x_wconf 90' lang='lat' dir='ltr'><strong>ac</strong></span> <span class='ocrx_word' id='word_1_170' title='bbox 2124 2928 2290 2995; x_wconf 88' lang='lat' dir='ltr'><strong>liber</strong></span> <span class='ocrx_word' id='word_1_171' title='bbox 2335 2929 2645 3012; x_wconf 83' lang='lat' dir='ltr'><strong>spatietur</strong></span> <span class='ocrx_word' id='word_1_172' title='bbox 2691 2928 2759 2995; x_wconf 89' lang='lat' dir='ltr'><strong>in</strong></span> <span class='ocrx_word' id='word_1_173' title='bbox 2806 2948 2969 2996; x_wconf 90' lang='lat' dir='ltr'><strong>aere.</strong></span> <span class='ocrx_word' id='word_1_174' title='bbox 3019 2928 3178 2995; x_wconf 82' lang='lat' dir='ltr'><strong>Cum</strong></span> <span class='ocrx_word' id='word_1_175' title='bbox 3227 2948 3339 3015; x_wconf 85' lang='lat' dir='ltr'><strong>ego</strong></span> <span class='ocrx_word' id='word_1_176' title='bbox 3367 2946 3674 3013; x_wconf 80' lang='lat' dir='ltr'><strong>papyrum</strong></span> 
     </span>
     <span class='ocr_line' id='line_1_18' title="bbox 575 3061 3677 3149; baseline -0.002 -17"><span class='ocrx_word' id='word_1_177' title='bbox 575 3070 856 3133; x_wconf 81' lang='lat' dir='ltr'><strong>nostrum</strong></span> <span class='ocrx_word' id='word_1_178' title='bbox 902 3066 1281 3142; x_wconf 85' lang='lat' dir='ltr'><strong>vaticanum,</strong></span> <span class='ocrx_word' id='word_1_179' title='bbox 1331 3064 1495 3149; x_wconf 83' lang='lat' dir='ltr'><strong>quod</strong></span> <span class='ocrx_word' id='word_1_180' title='bbox 1540 3064 1705 3131; x_wconf 79' lang='lat' dir='ltr'><strong>infra</strong></span> <span class='ocrx_word' id='word_1_181' title='bbox 1750 3065 1866 3130; x_wconf 93' lang='lat' dir='ltr'><strong>sub</strong></span> <span class='ocrx_word' id='word_1_182' title='bbox 1913 3064 1993 3129; x_wconf 89' lang='lat' dir='ltr'><strong>N.</strong></span> <span class='ocrx_word' id='word_1_183' title='bbox 2049 3065 2081 3129; x_wconf 95' lang='lat'>1</span> <span class='ocrx_word' id='word_1_184' title='bbox 2133 3061 2422 3129; x_wconf 84' lang='lat' dir='ltr'><strong>indicabo</strong></span> <span class='ocrx_word' id='word_1_185' title='bbox 2441 3113 2456 3140; x_wconf 86' lang='lat'>‚</span> <span class='ocrx_word' id='word_1_186' title='bbox 2518 3079 2678 3128; x_wconf 86' lang='lat' dir='ltr'><strong>anno</strong></span> <span class='ocrx_word' id='word_1_187' title='bbox 2733 3063 2906 3129; x_wconf 86' lang='grc'><strong>1888</strong></span> <span class='ocrx_word' id='word_1_188' title='bbox 2951 3062 3020 3128; x_wconf 91' lang='lat' dir='ltr'><strong>in</strong></span> <span class='ocrx_word' id='word_1_189' title='bbox 3065 3062 3272 3129; x_wconf 91' lang='lat' dir='ltr'><strong>lucem</strong></span> <span class='ocrx_word' id='word_1_190' title='bbox 3318 3062 3563 3129; x_wconf 85' lang='lat' dir='ltr'><strong>ederem</strong></span> <span class='ocrx_word' id='word_1_191' title='bbox 3611 3064 3677 3130; x_wconf 87' lang='lat' dir='ltr'><strong>et</strong></span> 
     </span>
     <span class='ocr_line' id='line_1_19' title="bbox 577 3196 3676 3287; baseline -0.002 -19"><span class='ocrx_word' id='word_1_192' title='bbox 577 3201 653 3268; x_wconf 90' lang='lat' dir='ltr'><strong>de</strong></span> <span class='ocrx_word' id='word_1_193' title='bbox 696 3202 888 3268; x_wconf 88' lang='lat' dir='ltr'><strong>titulo</strong></span> <span class='ocrx_word' id='word_1_194' title='bbox 933 3202 1119 3287; x_wconf 85' lang='lat' dir='ltr'><strong>hujus</strong></span> <span class='ocrx_word' id='word_1_195' title='bbox 1163 3202 1316 3268; x_wconf 88' lang='lat' dir='ltr'><strong>libri</strong></span> <span class='ocrx_word' id='word_1_196' title='bbox 1362 3202 1636 3268; x_wconf 86' lang='lat' dir='ltr'><strong>breviter</strong></span> <span class='ocrx_word' id='word_1_197' title='bbox 1680 3200 2087 3283; x_wconf 86' lang='lat' dir='ltr'><strong>disputarem,</strong></span> <span class='ocrx_word' id='word_1_198' title='bbox 2136 3197 2216 3264; x_wconf 90' lang='lat' dir='ltr'><strong>ad</strong></span> <span class='ocrx_word' id='word_1_199' title='bbox 2260 3196 2640 3267; x_wconf 86' lang='lat' dir='ltr'><strong>sententiam</strong></span> <span class='ocrx_word' id='word_1_200' title='bbox 2686 3197 2920 3265; x_wconf 84' lang='lat' dir='ltr'><strong>accessi</strong></span> <span class='ocrx_word' id='word_1_201' title='bbox 2966 3197 3255 3277; x_wconf 84' lang='lat' dir='ltr'><strong>Navillii‚</strong></span> <span class='ocrx_word' id='word_1_202' title='bbox 3303 3200 3523 3283; x_wconf 84' lang='lat' dir='ltr'><strong>utpote</strong></span> <span class='ocrx_word' id='word_1_203' title='bbox 3568 3197 3676 3281; x_wconf 89' lang='lat' dir='ltr'><strong>qui</strong></span> 
     </span>
     <span class='ocr_line' id='line_1_20' title="bbox 576 3329 3544 3422; baseline -0.001 -21"><span class='ocrx_word' id='word_1_204' title='bbox 576 3355 804 3422; x_wconf 86' lang='lat' dir='ltr'><strong>magna</strong></span> <span class='ocrx_word' id='word_1_205' title='bbox 848 3334 1131 3418; x_wconf 89' lang='lat' dir='ltr'><strong>pollebat</strong></span> <span class='ocrx_word' id='word_1_206' title='bbox 1176 3335 1550 3401; x_wconf 85' lang='lat' dir='ltr'><strong>auctoritate</strong></span> <span class='ocrx_word' id='word_1_207' title='bbox 1597 3337 1660 3400; x_wconf 89' lang='lat' dir='ltr'><strong>et</strong></span> <span class='ocrx_word' id='word_1_208' title='bbox 1704 3333 2083 3400; x_wconf 87' lang='lat' dir='ltr'><strong>novissimus</strong></span> <span class='ocrx_word' id='word_1_209' title='bbox 2126 3334 2293 3400; x_wconf 89' lang='lat' dir='ltr'><strong>inter</strong></span> <span class='ocrx_word' id='word_1_210' title='bbox 2322 3333 2760 3419; x_wconf 81' lang='lat' dir='ltr'><strong>aegyptologos</strong></span> <span class='ocrx_word' id='word_1_211' title='bbox 2808 3330 2886 3398; x_wconf 92' lang='lat' dir='ltr'><strong>de</strong></span> <span class='ocrx_word' id='word_1_212' title='bbox 2916 3332 3036 3398; x_wconf 89' lang='lat' dir='ltr'><strong>hac</strong></span> <span class='ocrx_word' id='word_1_213' title='bbox 3075 3350 3143 3398; x_wconf 91' lang='lat' dir='ltr'><strong>re</strong></span> <span class='ocrx_word' id='word_1_214' title='bbox 3174 3329 3544 3415; x_wconf 84' lang='lat' dir='ltr'><strong>scripsisset.</strong></span> 
     </span>
    </p>

    <p class='ocr_par' dir='ltr' id='par_1_7' title="bbox 579 3463 3685 3955">
     <span class='ocr_line' id='line_1_21' title="bbox 755 3463 3679 3554; baseline -0.001 -19"><span class='ocrx_word' id='word_1_215' title='bbox 755 3470 964 3535; x_wconf 89' lang='lat' dir='ltr'><strong>Nimis</strong></span> <span class='ocrx_word' id='word_1_216' title='bbox 1009 3488 1048 3534; x_wconf 86' lang='lat' dir='ltr'><strong>a</strong></span> <span class='ocrx_word' id='word_1_217' title='bbox 1091 3469 1405 3554; x_wconf 89' lang='lat' dir='ltr'><strong>proposito</strong></span> <span class='ocrx_word' id='word_1_218' title='bbox 1449 3468 1830 3535; x_wconf 89' lang='lat' dir='ltr'><strong>discederem</strong></span> <span class='ocrx_word' id='word_1_219' title='bbox 1877 3469 1933 3534; x_wconf 88' lang='lat' dir='ltr'><strong>si</strong></span> <span class='ocrx_word' id='word_1_220' title='bbox 1978 3468 2047 3533; x_wconf 91' lang='lat' dir='ltr'><strong>in</strong></span> <span class='ocrx_word' id='word_1_221' title='bbox 2091 3468 2209 3534; x_wconf 90' lang='lat' dir='ltr'><strong>hac</strong></span> <span class='ocrx_word' id='word_1_222' title='bbox 2238 3466 2623 3551; x_wconf 86' lang='lat' dir='ltr'><strong>praefatione</strong></span> <span class='ocrx_word' id='word_1_223' title='bbox 2655 3464 2732 3531; x_wconf 90' lang='lat' dir='ltr'><strong>de</strong></span> <span class='ocrx_word' id='word_1_224' title='bbox 2763 3483 2831 3531; x_wconf 92' lang='lat' dir='ltr'><strong>re</strong></span> <span class='ocrx_word' id='word_1_225' title='bbox 2859 3466 2993 3532; x_wconf 87' lang='lat' dir='ltr'><strong>tam</strong></span> <span class='ocrx_word' id='word_1_226' title='bbox 3024 3465 3283 3532; x_wconf 88' lang='lat' dir='ltr'><strong>obscura</strong></span> <span class='ocrx_word' id='word_1_227' title='bbox 3315 3468 3380 3532; x_wconf 90' lang='lat' dir='ltr'><strong>et</strong></span> <span class='ocrx_word' id='word_1_228' title='bbox 3407 3463 3679 3548; x_wconf 87' lang='lat' dir='ltr'><strong>perdiffi-</strong></span> 
     </span>
     <span class='ocr_line' id='line_1_22' title="bbox 579 3565 3680 3690; baseline -0.001 -21"><span class='ocrx_word' id='word_1_229' title='bbox 579 3604 692 3669; x_wconf 86' lang='lat' dir='ltr'><strong>cili</strong></span> <span class='ocrx_word' id='word_1_230' title='bbox 735 3622 918 3690; x_wconf 85' lang='lat' dir='ltr'><strong>agere</strong></span> <span class='ocrx_word' id='word_1_231' title='bbox 962 3603 1215 3669; x_wconf 87' lang='lat' dir='ltr'><strong>vellem.</strong></span> <span class='ocrx_word' id='word_1_232' title='bbox 1262 3604 1338 3669; x_wconf 88' lang='lat' dir='ltr'><strong>In</strong></span> <span class='ocrx_word' id='word_1_233' title='bbox 1368 3602 1671 3686; x_wconf 87' lang='lat' dir='ltr'><strong>peculiari</strong></span> <span class='ocrx_word' id='word_1_234' title='bbox 1693 3600 1697 3604; x_wconf 73' lang='grc'><em>’</em></span> <span class='ocrx_word' id='word_1_235' title='bbox 1718 3603 2162 3669; x_wconf 89' lang='lat' dir='ltr'><strong>commentario</strong></span> <span class='ocrx_word' id='word_1_236' title='bbox 2208 3600 2286 3666; x_wconf 92' lang='lat' dir='ltr'><strong>de</strong></span> <span class='ocrx_word' id='word_1_237' title='bbox 2316 3565 2431 3667; x_wconf 84' lang='lat' dir='ltr'><strong>hoc</strong></span> <span class='ocrx_word' id='word_1_238' title='bbox 2463 3600 2829 3687; x_wconf 86' lang='lat' dir='ltr'><strong>argumento</strong></span> <span class='ocrx_word' id='word_1_239' title='bbox 2876 3598 3081 3683; x_wconf 87' lang='lat' dir='ltr'><strong>aptior</strong></span> <span class='ocrx_word' id='word_1_240' title='bbox 3110 3599 3232 3664; x_wconf 89' lang='lat' dir='ltr'><strong>erit</strong></span> <span class='ocrx_word' id='word_1_241' title='bbox 3267 3599 3418 3665; x_wconf 91' lang='lat' dir='ltr'><strong>huic</strong></span> <span class='ocrx_word' id='word_1_242' title='bbox 3448 3600 3680 3666; x_wconf 87' lang='lat' dir='ltr'><strong>tracta-</strong></span> 
     </span>
     <span class='ocr_line' id='line_1_23' title="bbox 579 3732 3685 3820; baseline -0.002 -16"><span class='ocrx_word' id='word_1_243' title='bbox 579 3737 736 3804; x_wconf 90' lang='lat' dir='ltr'><strong>tioni</strong></span> <span class='ocrx_word' id='word_1_244' title='bbox 781 3737 976 3803; x_wconf 75' lang='lat' dir='ltr'><strong>locuS.</strong></span> <span class='ocrx_word' id='word_1_245' title='bbox 1025 3734 1147 3803; x_wconf 85' lang='lat' dir='ltr'><strong>Sed</strong></span> <span class='ocrx_word' id='word_1_246' title='bbox 1193 3756 1270 3802; x_wconf 91' lang='lat' dir='ltr'><strong>ne</strong></span> <span class='ocrx_word' id='word_1_247' title='bbox 1315 3738 1744 3820; x_wconf 88' lang='lat' dir='ltr'><strong>quaestionem</strong></span> <span class='ocrx_word' id='word_1_248' title='bbox 1794 3754 1952 3820; x_wconf 89' lang='lat' dir='ltr'><strong>quae</strong></span> <span class='ocrx_word' id='word_1_249' title='bbox 1999 3735 2261 3802; x_wconf 90' lang='lat' dir='ltr'><strong>titulum</strong></span> <span class='ocrx_word' id='word_1_250' title='bbox 2304 3735 2514 3818; x_wconf 85' lang='lat' dir='ltr'><strong>ipsum</strong></span> <span class='ocrx_word' id='word_1_251' title='bbox 2564 3733 2824 3818; x_wconf 86' lang='lat' dir='ltr'><strong>respicit</strong></span> <span class='ocrx_word' id='word_1_252' title='bbox 2867 3733 3178 3800; x_wconf 89' lang='lat' dir='ltr'><strong>maximae</strong></span> <span class='ocrx_word' id='word_1_253' title='bbox 3237 3732 3433 3816; x_wconf 82' lang='lat' dir='ltr'><strong>partis</strong></span> <span class='ocrx_word' id='word_1_254' title='bbox 3494 3732 3685 3799; x_wconf 92' lang='lat' dir='ltr'><strong>docu-</strong></span> 
     </span>
     <span class='ocr_line' id='line_1_24' title="bbox 582 3868 3162 3955; baseline -0.001 -19"><span class='ocrx_word' id='word_1_255' title='bbox 582 3872 930 3938; x_wconf 88' lang='lat' dir='ltr'><strong>mentorum</strong></span> <span class='ocrx_word' id='word_1_256' title='bbox 975 3871 1162 3955; x_wconf 88' lang='lat' dir='ltr'><strong>hujus</strong></span> <span class='ocrx_word' id='word_1_257' title='bbox 1207 3873 1579 3938; x_wconf 88' lang='lat' dir='ltr'><strong>recensionis</strong></span> <span class='ocrx_word' id='word_1_258' title='bbox 1627 3872 1883 3938; x_wconf 88' lang='lat' dir='ltr'><strong>silentio</strong></span> <span class='ocrx_word' id='word_1_259' title='bbox 1927 3874 2334 3955; x_wconf 86' lang='lat' dir='ltr'><strong>praeteream,</strong></span> <span class='ocrx_word' id='word_1_260' title='bbox 2384 3889 2523 3937; x_wconf 89' lang='lat' dir='ltr'><strong>eam</strong></span> <span class='ocrx_word' id='word_1_261' title='bbox 2568 3868 2786 3952; x_wconf 84' lang='lat' dir='ltr'><strong>paucis</strong></span> <span class='ocrx_word' id='word_1_262' title='bbox 2832 3868 3162 3954; x_wconf 83' lang='lat' dir='ltr'><strong>attingam.</strong></span> 
     </span>
    </p>

    <p class='ocr_par' dir='ltr' id='par_1_8' title="bbox 583 4001 3690 4492">
     <span class='ocr_line' id='line_1_25' title="bbox 760 4001 3670 4091; baseline -0.001 -19"><span class='ocrx_word' id='word_1_263' title='bbox 760 4006 950 4072; x_wconf 86' lang='lat' dir='ltr'><strong>Ratio</strong></span> <span class='ocrx_word' id='word_1_264' title='bbox 1002 4006 1333 4091; x_wconf 87' lang='lat' dir='ltr'><strong>potissima</strong></span> <span class='ocrx_word' id='word_1_265' title='bbox 1378 4026 1502 4091; x_wconf 87' lang='lat' dir='ltr'><strong>qua</strong></span> <span class='ocrx_word' id='word_1_266' title='bbox 1531 4007 1644 4073; x_wconf 88' lang='lat' dir='ltr'><strong>alii</strong></span> <span class='ocrx_word' id='word_1_267' title='bbox 1694 4008 1959 4073; x_wconf 86' lang='lat' dir='ltr'><strong>utuntur</strong></span> <span class='ocrx_word' id='word_1_268' title='bbox 2004 4009 2079 4071; x_wconf 89' lang='lat' dir='ltr'><strong>ut</strong></span> <span class='ocrx_word' id='word_1_269' title='bbox 2123 4006 2408 4072; x_wconf 84' lang='lat' dir='ltr'><strong>statuant</strong></span> <span class='ocrx_word' id='word_1_270' title='bbox 2450 4024 2592 4088; x_wconf 91' lang='lat' dir='ltr'><strong>per</strong></span> <span class='ocrx_word' id='word_1_271' title='bbox 2640 4023 2753 4071; x_wconf 92' lang='lat' dir='ltr'><strong>em</strong></span> <span class='ocrx_word' id='word_1_272' title='bbox 2800 4004 2999 4070; x_wconf 91' lang='lat' dir='ltr'><strong>heru</strong></span> <span class='ocrx_word' id='word_1_273' title='bbox 3057 4029 3084 4060; x_wconf 69' lang='lat' dir='ltr'>a</span> <span class='ocrx_word' id='word_1_274' title='bbox 3111 4005 3327 4072; x_wconf 74' lang='lat' dir='ltr'><strong>exitus</strong></span> <span class='ocrx_word' id='word_1_275' title='bbox 3386 4005 3459 4071; x_wconf 84' lang='lat' dir='ltr'><strong>in</strong></span> <span class='ocrx_word' id='word_1_276' title='bbox 3502 4001 3610 4069; x_wconf 79' lang='lat' dir='ltr'><strong>die</strong></span> <span class='ocrx_word' id='word_1_277' title='bbox 3643 4028 3670 4058; x_wconf 71' lang='lat' dir='ltr'>n</span> 
     </span>
     <span class='ocr_line' id='line_1_26' title="bbox 584 4135 3689 4225; baseline -0.002 -17"><span class='ocrx_word' id='word_1_278' title='bbox 584 4140 954 4209; x_wconf 79' lang='lat' dir='ltr'><strong>vertendum</strong></span> <span class='ocrx_word' id='word_1_279' title='bbox 985 4160 1138 4219; x_wconf 87' lang='lat' dir='ltr'><strong>esse,</strong></span> <span class='ocrx_word' id='word_1_280' title='bbox 1186 4143 1340 4208; x_wconf 89' lang='lat' dir='ltr'><strong>haec</strong></span> <span class='ocrx_word' id='word_1_281' title='bbox 1370 4146 1494 4208; x_wconf 89' lang='lat' dir='ltr'><strong>est:</strong></span> <span class='ocrx_word' id='word_1_282' title='bbox 1544 4141 1706 4225; x_wconf 90' lang='lat' dir='ltr'><strong>quod</strong></span> <span class='ocrx_word' id='word_1_283' title='bbox 1754 4143 1957 4208; x_wconf 86' lang='lat' dir='ltr'><strong>exitus</strong></span> <span class='ocrx_word' id='word_1_284' title='bbox 2009 4140 2091 4206; x_wconf 92' lang='lat' dir='ltr'><strong>ad</strong></span> <span class='ocrx_word' id='word_1_285' title='bbox 2146 4140 2352 4206; x_wconf 90' lang='lat' dir='ltr'><strong>lucem</strong></span> <span class='ocrx_word' id='word_1_286' title='bbox 2407 4139 2538 4206; x_wconf 89' lang='lat' dir='ltr'><strong>diei</strong></span> <span class='ocrx_word' id='word_1_287' title='bbox 2589 4138 2925 4223; x_wconf 89' lang='lat' dir='ltr'><strong>praecipua</strong></span> <span class='ocrx_word' id='word_1_288' title='bbox 2981 4139 3116 4204; x_wconf 89' lang='lat' dir='ltr'><strong>erat</strong></span> <span class='ocrx_word' id='word_1_289' title='bbox 3159 4135 3343 4220; x_wconf 85' lang='lat' dir='ltr'><strong>juxta</strong></span> <span class='ocrx_word' id='word_1_290' title='bbox 3395 4155 3498 4204; x_wconf 91' lang='lat' dir='ltr'><strong>eos</strong></span> <span class='ocrx_word' id='word_1_291' title='bbox 3543 4154 3689 4219; x_wconf 90' lang='lat' dir='ltr'><strong>ope·</strong></span> 
     </span>
     <span class='ocr_line' id='line_1_27' title="bbox 583 4270 3686 4358; baseline -0.001 -18"><span class='ocrx_word' id='word_1_292' title='bbox 583 4275 742 4341; x_wconf 88' lang='lat' dir='ltr'><strong>ratio</strong></span> <span class='ocrx_word' id='word_1_293' title='bbox 773 4274 1019 4341; x_wconf 88' lang='lat' dir='ltr'><strong>animae</strong></span> <span class='ocrx_word' id='word_1_294' title='bbox 1068 4293 1101 4340; x_wconf 93' lang='lat' dir='ltr'><strong>e</strong></span> <span class='ocrx_word' id='word_1_295' title='bbox 1146 4274 1413 4358; x_wconf 90' lang='lat' dir='ltr'><strong>corporis</strong></span> <span class='ocrx_word' id='word_1_296' title='bbox 1459 4273 1720 4342; x_wconf 83' lang='lat' dir='ltr'><strong>nexibus</strong></span> <span class='ocrx_word' id='word_1_297' title='bbox 1768 4273 2093 4340; x_wconf 89' lang='lat' dir='ltr'><strong>liberatae.</strong></span> <span class='ocrx_word' id='word_1_298' title='bbox 2141 4272 2375 4339; x_wconf 86' lang='lat' dir='ltr'><strong>Anima</strong></span> <span class='ocrx_word' id='word_1_299' title='bbox 2418 4274 2562 4357; x_wconf 91' lang='lat' dir='ltr'><strong>post</strong></span> <span class='ocrx_word' id='word_1_300' title='bbox 2604 4274 2873 4339; x_wconf 87' lang='lat' dir='ltr'><strong>mortem</strong></span> <span class='ocrx_word' id='word_1_301' title='bbox 2919 4289 3130 4337; x_wconf 89' lang='lat' dir='ltr'><strong>rursus</strong></span> <span class='ocrx_word' id='word_1_302' title='bbox 3176 4271 3386 4337; x_wconf 84' lang='lat' dir='ltr'><strong>vivere</strong></span> <span class='ocrx_word' id='word_1_303' title='bbox 3429 4272 3505 4337; x_wconf 88' lang='lat' dir='ltr'><strong>ut</strong></span> <span class='ocrx_word' id='word_1_304' title='bbox 3557 4270 3686 4336; x_wconf 91' lang='lat' dir='ltr'><strong>iam</strong></span> 
     </span>
     <span class='ocr_line' id='line_1_28' title="bbox 586 4403 3690 4492; baseline -0.001 -20"><span class='ocrx_word' id='word_1_305' title='bbox 586 4409 653 4474; x_wconf 91' lang='lat' dir='ltr'><strong>in</strong></span> <span class='ocrx_word' id='word_1_306' title='bbox 682 4408 916 4474; x_wconf 91' lang='lat' dir='ltr'><strong>mundo</strong></span> <span class='ocrx_word' id='word_1_307' title='bbox 963 4409 1204 4474; x_wconf 81' lang='lat' dir='ltr'><strong>vixerat</strong></span> <span class='ocrx_word' id='word_1_308' title='bbox 1248 4409 1571 4492; x_wconf 88' lang='lat' dir='ltr'><strong>cupiebat:</strong></span> <span class='ocrx_word' id='word_1_309' title='bbox 1621 4407 1801 4491; x_wconf 90' lang='lat' dir='ltr'><strong>eique</strong></span> <span class='ocrx_word' id='word_1_310' title='bbox 1846 4406 2115 4473; x_wconf 82' lang='lat' dir='ltr'><strong>maxime</strong></span> <span class='ocrx_word' id='word_1_311' title='bbox 2160 4408 2226 4473; x_wconf 88' lang='lat' dir='ltr'><strong>in</strong></span> <span class='ocrx_word' id='word_1_312' title='bbox 2270 4406 2435 4472; x_wconf 86' lang='lat' dir='ltr'><strong>votis</strong></span> <span class='ocrx_word' id='word_1_313' title='bbox 2483 4409 2619 4473; x_wconf 89' lang='lat' dir='ltr'><strong>erat</strong></span> <span class='ocrx_word' id='word_1_314' title='bbox 2663 4403 3006 4485; x_wconf 89' lang='lat' dir='ltr'><strong>ambulare,</strong></span> <span class='ocrx_word' id='word_1_315' title='bbox 3056 4405 3136 4471; x_wconf 89' lang='lat' dir='ltr'><strong>ad</strong></span> <span class='ocrx_word' id='word_1_316' title='bbox 3181 4405 3470 4471; x_wconf 90' lang='lat' dir='ltr'><strong>umbram</strong></span> <span class='ocrx_word' id='word_1_317' title='bbox 3529 4403 3690 4470; x_wconf 88' lang='lat' dir='ltr'><strong>sico-</strong></span> 
     </span>
    </p>
   </div>
   <div class='ocr_carea' id='block_1_5' title="bbox 587 4518 3687 4627">
    <p class='ocr_par' dir='ltr' id='par_1_9' title="bbox 587 4518 3687 4627">
     <span class='ocr_line' id='line_1_29' title="bbox 587 4518 3687 4627; baseline -0.001 -20"><span class='ocrx_word' id='word_1_318' title='bbox 587 4544 744 4609; x_wconf 90' lang='lat' dir='ltr'><strong>mori</strong></span> <span class='ocrx_word' id='word_1_319' title='bbox 775 4542 1006 4621; x_wconf 89' lang='lat' dir='ltr'><strong>sedere,</strong></span> <span class='ocrx_word' id='word_1_320' title='bbox 1054 4562 1281 4627; x_wconf 86' lang='lat' dir='ltr'><strong>aquam</strong></span> <span class='ocrx_word' id='word_1_321' title='bbox 1329 4544 1464 4609; x_wconf 92' lang='lat' dir='ltr'><strong>Nili</strong></span> <span class='ocrx_word' id='word_1_322' title='bbox 1511 4545 1749 4622; x_wconf 90' lang='lat' dir='ltr'><strong>bibere,</strong></span> <span class='ocrx_word' id='word_1_323' title='bbox 1801 4546 1865 4612; x_wconf 91' lang='lat' dir='ltr'><strong>et</strong></span> <span class='ocrx_word' id='word_1_324' title='bbox 1916 4518 2221 4627; x_wconf 89' lang='lat' dir='ltr'><strong>quidquid</strong></span> <span class='ocrx_word' id='word_1_325' title='bbox 2265 4541 2441 4609; x_wconf 89' lang='lat' dir='ltr'><strong>aliud</strong></span> <span class='ocrx_word' id='word_1_326' title='bbox 2485 4560 2670 4627; x_wconf 84' lang='lat' dir='ltr'><strong>agere</strong></span> <span class='ocrx_word' id='word_1_327' title='bbox 2716 4540 2880 4625; x_wconf 91' lang='lat' dir='ltr'><strong>quod</strong></span> <span class='ocrx_word' id='word_1_328' title='bbox 2927 4541 3101 4624; x_wconf 90' lang='lat' dir='ltr'><strong>prius</strong></span> <span class='ocrx_word' id='word_1_329' title='bbox 3148 4539 3215 4606; x_wconf 90' lang='lat' dir='ltr'><strong>in</strong></span> <span class='ocrx_word' id='word_1_330' title='bbox 3253 4538 3436 4607; x_wconf 87' lang='lat' dir='ltr'><strong>terris</strong></span> <span class='ocrx_word' id='word_1_331' title='bbox 3483 4538 3687 4605; x_wconf 86' lang='lat' dir='ltr'><strong>facere</strong></span> 
     </span>
    </p>
   </div>
   <div class='ocr_carea' id='block_1_6' title="bbox 590 4810 3700 5167">
    <p class='ocr_par' dir='ltr' id='par_1_10' title="bbox 754 4810 2176 4886">
     <span class='ocr_line' id='line_1_30' title="bbox 754 4810 2176 4886; baseline -0.003 -19"><span class='ocrx_word' id='word_1_332' title='bbox 754 4811 823 4880; x_wconf 89' lang='lat'><strong>(¹)</strong></span> <span class='ocrx_word' id='word_1_333' title='bbox 859 4811 1142 4885; x_wconf 63' lang='lat' dir='ltr'><strong>Malanqes</strong></span> <span class='ocrx_word' id='word_1_334' title='bbox 1178 4810 1640 4886; x_wconf 60' lang='lat' dir='ltr'><strong>dyyptoloyiquca</strong></span> <span class='ocrx_word' id='word_1_335' title='bbox 1682 4811 1839 4876; x_wconf 85' lang='grc'><strong>1873,</strong></span> <span class='ocrx_word' id='word_1_336' title='bbox 1877 4827 1928 4881; x_wconf 89' lang='lat' dir='ltr'><strong>p.</strong></span> <span class='ocrx_word' id='word_1_337' title='bbox 1968 4811 2176 4866; x_wconf 84' lang='lat'><strong>218-41.</strong></span> 
     </span>
    </p>

    <p class='ocr_par' dir='ltr' id='par_1_11' title="bbox 590 4899 3700 5071">
     <span class='ocr_line' id='line_1_31' title="bbox 756 4899 3700 4977; baseline -0.003 -14"><span class='ocrx_word' id='word_1_338' title='bbox 756 4904 824 4974; x_wconf 81' lang='lat'><strong>(²)</strong></span> <span class='ocrx_word' id='word_1_339' title='bbox 868 4902 1166 4977; x_wconf 73' lang='lat' dir='ltr'><strong>Cataloque</strong></span> <span class='ocrx_word' id='word_1_340' title='bbox 1203 4901 1296 4959; x_wconf 76' lang='lat' dir='ltr'><strong>des</strong></span> <span class='ocrx_word' id='word_1_341' title='bbox 1331 4902 1664 4961; x_wconf 77' lang='lat' dir='ltr'><strong>manuscrits</strong></span> <span class='ocrx_word' id='word_1_342' title='bbox 1704 4903 1990 4977; x_wconf 69' lang='lat' dir='ltr'><strong>eqyptiens</strong></span> <span class='ocrx_word' id='word_1_343' title='bbox 2027 4901 2102 4960; x_wconf 77' lang='lat' dir='ltr'><strong>du</strong></span> <span class='ocrx_word' id='word_1_344' title='bbox 2136 4902 2329 4961; x_wconf 72' lang='lat' dir='ltr'><strong>Museo</strong></span> <span class='ocrx_word' id='word_1_345' title='bbox 2365 4900 2441 4959; x_wconf 77' lang='lat' dir='ltr'><strong>du</strong></span> <span class='ocrx_word' id='word_1_346' title='bbox 2478 4902 2721 4959; x_wconf 77' lang='lat' dir='ltr'><strong>Louvre.</strong></span> <span class='ocrx_word' id='word_1_347' title='bbox 2758 4901 2933 4968; x_wconf 85' lang='lat' dir='ltr'><strong>Paris,</strong></span> <span class='ocrx_word' id='word_1_348' title='bbox 2972 4901 3127 4968; x_wconf 83' lang='lat'><strong>1875,</strong></span> <span class='ocrx_word' id='word_1_349' title='bbox 3163 4918 3216 4972; x_wconf 89' lang='lat' dir='ltr'><strong>p.</strong></span> <span class='ocrx_word' id='word_1_350' title='bbox 3253 4900 3341 4958; x_wconf 85' lang='lat'><strong>49.</strong></span> <span class='ocrx_word' id='word_1_351' title='bbox 3391 4899 3475 4958; x_wconf 84' lang='lat' dir='ltr'><strong>cf.</strong></span> <span class='ocrx_word' id='word_1_352' title='bbox 3512 4900 3700 4966; x_wconf 84' lang='lat' dir='ltr'><strong>Birch,</strong></span> 
     </span>
     <span class='ocr_line' id='line_1_32' title="bbox 590 4995 1877 5071; baseline -0.002 -17"><span class='ocrx_word' id='word_1_353' title='bbox 590 4996 707 5055; x_wconf 72' lang='lat'><strong>7720</strong></span> <span class='ocrx_word' id='word_1_354' title='bbox 744 4997 1001 5071; x_wconf 74' lang='lat' dir='ltr'><strong>papyrus</strong></span> <span class='ocrx_word' id='word_1_355' title='bbox 1039 4996 1110 5070; x_wconf 83' lang='lat' dir='ltr'><strong>of</strong></span> <span class='ocrx_word' id='word_1_356' title='bbox 1132 4995 1414 5064; x_wconf 70' lang='lat' dir='ltr'><strong>Nus-leem,</strong></span> <span class='ocrx_word' id='word_1_357' title='bbox 1452 5015 1504 5068; x_wconf 90' lang='lat' dir='ltr'><strong>p.</strong></span> <span class='ocrx_word' id='word_1_358' title='bbox 1543 5000 1593 5063; x_wconf 83' lang='lat'><strong>3,</strong></span> <span class='ocrx_word' id='word_1_359' title='bbox 1632 5015 1679 5054; x_wconf 89' lang='lat' dir='ltr'><strong>a.</strong></span> <span class='ocrx_word' id='word_1_360' title='bbox 1721 4998 1877 5054; x_wconf 84' lang='lat'><strong>1863.</strong></span> 
     </span>
    </p>

    <p class='ocr_par' dir='ltr' id='par_1_12' title="bbox 758 5089 3439 5167">
     <span class='ocr_line' id='line_1_33' title="bbox 758 5089 3439 5167; baseline -0.001 -19"><span class='ocrx_word' id='word_1_361' title='bbox 758 5092 826 5160; x_wconf 82' lang='lat'><strong>(³)</strong></span> <span class='ocrx_word' id='word_1_362' title='bbox 864 5090 977 5148; x_wconf 79' lang='lat' dir='ltr'><strong>Das</strong></span> <span class='ocrx_word' id='word_1_363' title='bbox 1014 5090 1365 5167; x_wconf 67' lang='lat' dir='ltr'><strong>aeqyptiscke</strong></span> <span class='ocrx_word' id='word_1_364' title='bbox 1411 5089 1762 5149; x_wconf 78' lang='lat' dir='ltr'><strong>Todtenbuck</strong></span> <span class='ocrx_word' id='word_1_365' title='bbox 1803 5089 1903 5147; x_wconf 80' lang='lat' dir='ltr'><strong>der</strong></span> <span class='ocrx_word' id='word_1_366' title='bbox 1939 5091 2165 5149; x_wconf 83' lang='lat' dir='ltr'><em>XVIII.</em></span> <span class='ocrx_word' id='word_1_367' title='bbox 2205 5089 2289 5147; x_wconf 76' lang='lat' dir='ltr'><strong>bis</strong></span> <span class='ocrx_word' id='word_1_368' title='bbox 2325 5108 2424 5148; x_wconf 77' lang='lat' dir='ltr'><strong>zur</strong></span> <span class='ocrx_word' id='word_1_369' title='bbox 2459 5090 2590 5147; x_wconf 82' lang='lat' dir='ltr'><strong>XX.</strong></span> <span class='ocrx_word' id='word_1_370' title='bbox 2628 5089 2920 5164; x_wconf 73' lang='lat' dir='ltr'><strong>Dynastie,</strong></span> <span class='ocrx_word' id='word_1_371' title='bbox 2957 5107 3009 5160; x_wconf 87' lang='lat' dir='ltr'><strong>p.</strong></span> <span class='ocrx_word' id='word_1_372' title='bbox 3049 5091 3118 5146; x_wconf 80' lang='lat'><strong>24</strong></span> <span class='ocrx_word' id='word_1_373' title='bbox 3154 5091 3225 5160; x_wconf 86' lang='lat' dir='ltr'><strong>(a.</strong></span> <span class='ocrx_word' id='word_1_374' title='bbox 3266 5090 3439 5156; x_wconf 83' lang='lat'><strong>1886).</strong></span> 
     </span>
    </p>
   </div>
  </div>
 </body>
</html>
