5034 6400
1858 614 2213 681 ...35-

676 750 1013 819 Commu
1057 752 1181 819 III.
1230 753 1457 820 Textus
1503 753 1766 837 capituli
1811 753 2056 821 CXXII
2103 754 2278 840 cujus
2322 756 2549 822 titulus
2594 757 2804 841 periit.
2852 759 3100 826 Titulus
3145 762 3278 828 erat
3330 789 3356 820 α
3402 764 3589 851 Capi-

502 864 708 932 tulum
751 863 1168 948 z'nqrediendz'
1195 872 1346 952 post
1393 868 1640 934 exitum
1686 886 1719 933 e
1763 866 1992 934 divina
2034 871 2298 953 reqione
2342 869 2663 955 inferiori
2694 896 2753 935 υ.

599 1040 727 1114 Cap.
767 1041 955 1098 CXXI.

613 1163 771 1315 Ξῖ
1043 1164 1205 1308 ῑῐέ
1331 1215 1488 1259 =
1539 1188 1722 1315 323}
1791 1166 2081 1317 03²2>

576 1362 636 1428 R
649 1380 685 1428 o
731 1381 764 1428 e
780 1382 822 1427 n
1083 1366 1121 1427 Ξ
1135 1362 1179 1428 k
1365 1382 1397 1428 e
1412 1381 1477 1426 m
1580 1386 1619 1443 χ
1637 1381 1670 1428 e
1686 1363 1716 1427 t
1875 1382 1917 1445 p
1933 1381 1968 1429 e
1983 1382 2014 1427 r

513 1495 879 1582 Capitulum
923 1494 1337 1580 inprediendi
1442 1501 1592 1582 post
1792 1499 1905 1563 exi
1909 1501 2058 1563 tum.

689 1786 1024 1855 COLUMNA
1068 1788 1179 1854 lV.
1227 1788 1305 1854 In
1349 1788 1554 1855 medio
1599 1788 1924 1856 columnae
1968 1791 2172 1856 textus
2218 1790 2480 1874 capituli
2528 1792 2764 1860 CXXV
2808 1813 2951 1860 cum
2996 1794 3221 1863 titulo:

515 2016 1023 2136 &Qum
1207 2007 1369 2134 *5¹³
1513 1996 1952 2144 gfff}
2055 1991 2416 2148 *3⁶ss
2565 2036 2804 2111 osenna)
2931 1999 3499 2152 ὲῇῡῡξ

618 2192 746 2260 sat
901 2213 992 2261 en
1239 2192 1332 2258 ak
1556 2212 1635 2258 er
1722 2196 1959 2276 usext
2048 2198 2185 2261 ent
2250 2197 2441 2276 xerk
3043 2199 3367 2280 ,certi-u

682 2329 883 2396 Liber
1059 2326 1475 2413 ingrediendi
1562 2330 1634 2395 in
1686 2358 1689 2359 ⁷
1736 2331 1954 2395 aulam
2043 2329 2516 2399 obscuritatis?
2549 2381 2768 2396 .....
2907 2333 2977 2400 in
3022 2335 3169 2401 loca
3213 2333 3590 2404 abscondita

524 2719 676 2859 εξ
768 2710 1439 2865 esaum>
1496 2710 3149 2868 safflssffimrsomm

510 2912 684 2997 xeft
817 2930 1106 2995 seperu
1544 2916 1742 2994 pexa
2008 2931 2092 2978 sa
2205 2931 2317 2977 em
2552 2932 2710 2995 xuu
2905 2962 3122 2978 .....

531 3068 673 3116 cum
747 3049 1139 3135 perveniunt
1191 3095 1410 3111 .....
1479 3055 1827 3132 separatur
1962 3048 2142 3114 homo
2234 3068 2276 3114 a
2483 3050 2775 3133 peccatis
2908 3098 3126 3114 .....

691 3271 1028 3338 COLUMNA
1072 3270 1150 3335 V.
1199 3268 1490 3352 Sequitur
1530 3270 1734 3335 textus
1780 3268 2046 3352 capituli
2092 3269 2325 3336 CXXV
2360 3268 2481 3380 §qui
2525 3269 2800 3335 continet
2857 3270 3273 3338 invocationes
3309 3272 3595 3356 judicum

514 3382 914 3449 infernalium
961 3382 1024 3447 et
1067 3381 1511 3448 confessionem
1557 3380 1852 3447 defuncti.

1698 3718 1780 3784 N.
1827 3720 1933 3785 41.
1979 3715 2266 3787 Folium
2310 3715 2405 3787 II.

699 3941 1035 4008 COLUMNA
1080 3942 1135 4006 Ι.
1186 3939 1478 4007 Continet
1519 3947 1760 4024 partem
1807 3941 2072 4008 alteram
2098 3942 2360 4026 capituli
2393 3943 2628 4010 CXXV
2660 3945 2801 4025 post
2830 3941 3271 4010 confessionem
3302 3943 3597 4012 defuncti.

700 4164 1036 4232 COLUMNA
1080 4163 1168 4229 II.
1214 4163 1491 4246 Adparet
1521 4164 1795 4247 superior
1823 4183 1963 4248 pars
1993 4166 2272 4248 picturae
2298 4164 2575 4249 ejusdem
2598 4165 2860 4248 capituli
2887 4164 3139 4245 CXXV,
3166 4186 3324 4250 quae
3350 4167 3599 4234 exhibet

512 4275 822 4361 judicium
853 4275 1216 4341 Osiridis
1276 4276 1342 4341 in
1403 4275 1746 4341 Amenti.
1796 4275 2135 4359 Supersunt
2165 4279 2413 4342 tantum
2461 4277 2580 4344 duo
2623 4277 2826 4343 lineae
2871 4278 2938 4343 in
2984 4278 3209 4361 quibus
3255 4280 3400 4344 sunt
3442 4279 3600 4344 ima·

520 4387 697 4473 gines
734 4387 1019 4472 judicum
1064 4387 1483 4452 infernalium.
1531 4387 1603 4453 In
1650 4387 1925 4454 inferiori
1968 4390 2143 4471 parte
2191 4389 2305 4453 sub
2351 4388 2567 4474 figuris
2614 4389 2825 4455 extant
2854 4389 3032 4475 signa
3061 4389 3366 4472 quaedam
3395 4388 3601 4457 hiero-

518 4498 811 4585 glyphica
854 4518 1012 4583 quae
1058 4500 1139 4565 ad
1184 4499 1646 4582 inscriptionem
1682 4499 1913 4583 judicii
1956 4502 2287 4583 pertinent.

699 4721 1033 4789 COLUMNA
1078 4723 1198 4789 III.
1250 4723 1539 4790 Continet
1582 4724 1821 4806 partem
1868 4723 2132 4807 capituli
2180 4722 2467 4790 CXXVI.
2502 4725 2760 4791 Pictura
2806 4725 3055 4793 exhibet
3096 4726 3306 4792 lacum
3351 4725 3600 4811 igneum

519 4855 557 4901 a
588 4837 852 4919 quatuor
882 4835 1300 4918 cinocephalis
1331 4833 1710 4902 custoditum
1740 4836 1806 4901 in
1838 4853 1957 4918 quo
1988 4836 2199 4901 anima
2229 4837 2611 4920 purificatur.
2644 4837 2782 4905 Hoc
2811 4837 3159 4921 capitulum
3188 4837 3380 4905 titulo
3411 4840 3597 4905 caret.
