5034 6400
2177 1177 2982 1281 PAPYRUM
3065 1174 3702 1280 XXVII.tm

2846 1529 2926 1595 N.
2978 1532 3083 1596 72.

1577 1711 1888 1795 Papyrum
1935 1710 2166 1776 litteris
2213 1710 2541 1777 dometicis
2589 1713 2928 1777 exaratum.
2980 1709 3272 1777 Continet
3302 1712 3543 1777 textum
3573 1711 3841 1794 quatuor
3886 1709 4196 1776 linearum
4242 1706 4513 1789 stipula-

1403 1823 1593 1889 tionis
1638 1822 1893 1890 habitae
1940 1825 2216 1906 tempore
2262 1841 2479 1908 regum
2541 1821 2865 1907 dynastiae
2925 1820 3356 1906 ptolemaicae.
3418 1824 3879 1908 Argumentum
3933 1819 4364 1905 stipulationis
4412 1823 4521 1890 ⁴est

1401 1933 1679 2001 venditio
1719 1935 1855 2021 agri
1883 1952 2070 2019 prope
2102 1933 2377 1999 Thebem
2423 1933 2591 2000 facta
2636 1953 2674 2000 a
2718 1932 2985 2017 quodam
3033 1932 3475 2002 Amenosor
3520 1933 3760 2001 duobus
3791 1934 3943 2000 viris
3972 1951 4239 2017 quorum
4268 1930 4521 1997 nomina
4608 2007 4612 2011 ⁴

1405 2047 1859 2113 Psenamun
1906 2048 1971 2113 et
2014 2047 2195 2113 Hor.

1580 2157 1655 2223 In
1704 2157 1772 2222 1³²
1815 2156 1986 2222 linea
2030 2155 2266 2242 legitur
2310 2154 2612 2222 indicatio
2658 2155 3090 2241 chronologica
3135 2155 3261 2222 diei
3309 2155 3615 2239 septimae
3662 2156 3892 2223 mensis
3954 2156 4109 2223 Tobz·
4154 2155 4304 2221 anni
4346 2154 4522 2220 tertii

1402 2268 1714 2335 Ptolomei
1760 2268 1854 2332 IV
1902 2266 2345 2349 PhilopatoriS,
2392 2265 2640 2334 scilicet
2684 2267 2833 2332 anni
2878 2270 3024 2333 ante
3074 2267 3399 2334 Christum
3447 2268 3578 2333 219
3627 2265 3730 2352 (¹).

1581 2378 1905 2463 Scriptura
1951 2378 2280 2452 demotica.
2328 2399 2487 2462 quae
2533 2378 2973 2462 compendium
3020 2379 3165 2445 fuit·
3188 2379 3534 2462 scripturae
3580 2380 3940 2456 manticae,
3992 2379 4056 2444 in
4104 2397 4289 2445 usum
4348 2377 4522 2443 venit

1401 2490 1570 2575 apud
1609 2491 1952 2577 Aegyptios
1999 2491 2114 2557 sub
2161 2491 2593 2558 Pharaonibus
2640 2490 2961 2575 dynastiae
3006 2490 3210 2569 XXV,
3260 2491 3506 2557 saeculo
3553 2493 3698 2557 ante
3746 2490 4068 2559 Christum
4115 2493 4364 2557 octavo:
4413 2488 4524 2555 sed

1404 2605 1816 2673 communiter
1859 2603 2146 2671 adhibita
2191 2604 2314 2669 fult
2359 2604 2476 2670 sub
2523 2603 2923 2670 Ptolomaeis.

2083 3305 2896 3410 PAPYRUM
2978 3304 3705 3413 XXVIII.Im
3755 3305 3838 3393 (²)

2849 3657 2928 3724 N.
2981 3659 3084 3726 73.

1587 3840 1902 3924 Papyrum
1933 3838 2165 3905 litteris
2198 3837 2685 3925 hieroglyphicis
2717 3839 3028 3906 columnis
3058 3838 3472 3906 verticalibus
3506 3839 3831 3922 dispositis
3864 3842 3929 3904 et
3958 3839 4175 3926 figuris
4207 3839 4526 3925 eleganter

1406 3951 1674 4035 depictis
1734 3950 2143 4029 illustratum,
2191 3951 2511 4017 continens
2558 3954 2803 4035 partem
2864 3950 3014 4017 libri
3058 3970 3197 4035 per
3257 3969 3370 4017 em
3431 3950 3646 4018 heru.
3709 3952 3994 4019 Pertinet
4051 3952 4132 4018 ad
4192 3949 4522 4034 quemdam

1408 4062 1776 4130 defunctum
1819 4062 1924 4129 cui
1969 4080 2224 4128 nomen:

1670 4172 1957 4327 ΗΦἻ
2060 4172 2382 4328 &ei
2541 4204 2693 4303 Ξ
3011 4188 3372 4308 ’ῗΜ
3527 4174 4105 4330 ῶὲῧὶῆἒὶ

1716 4355 1900 4419 asar
2125 4353 2286 4433 ῌοι·
2462 4359 2805 4434 ωεῑχθτιι,
3019 4356 3147 4419 art
3261 4372 3351 4421 en
3531 4354 4070 4435 Ta-xen-xem

1651 4461 1991 4548 defunctus
2125 4463 2284 4543 Hor
2410 4463 2817 4551 justificatus
2890 4465 3072 4550 filius
3102 4463 3454 4550 (mulieris)
3531 4465 4071 4548 Ta-xen-xem
4106 4463 4208 4551 (³).

1574 4656 1643 4727 (¹)
1681 4655 1881 4712 Confer
1917 4653 2092 4710 Catal.
2132 4653 2439 4725 Champoll.
2478 4673 2605 4727 pag.
2644 4657 2730 4711 24.

1576 4750 1646 4820 (²)
1681 4749 1746 4804 In
1782 4766 1965 4805 museo
2004 4746 2136 4804 Tab.
2174 4748 2273 4804 21:
2311 4750 2369 4804 in
2406 4748 2580 4806 Catal.
2619 4748 2844 4821 Champ.
2884 4749 3016 4806 Tab.
3059 4753 3142 4817 14,
3178 4769 3304 4822 pag.
3342 4752 3429 4807 28.
4572 4786 4609 4829 ἱ

1577 4843 1645 4913 (3)
1682 4843 1800 4898 Hoc
1838 4857 2030 4896 nomen
2065 4841 2176 4912 legi
2216 4841 2376 4899 debet
2412 4844 2886 4914 Ta-xen-xem
2925 4845 3011 4901 vel
3050 4848 3111 4900 ut
3146 4862 3313 4915 snpra
3349 4845 3810 4915 Ta-set-xem,
3838 4846 4083 4915 quamvis
4110 4843 4290 4901 scriba
4314 4862 4534 4900 erronee

1403 4978 1714 5048 scripsisset
1750 4988 1816 5028 Δ
1855 4993 1951 5047 pro
2006 4937 2258 5091 0R3
2295 4995 2418 5033 nam
2455 4979 2559 5035 hac
2598 4978 2770 5034 forma
2804 4979 3007 5050 legitur
3033 4980 3089 5035 in
3115 4980 3288 5035 lexico
3319 4981 3614 5036 nominum.
3642 4980 3705 5035 V.
3730 4979 3998 5046 Lieblein,
4025 4978 4418 5037 Dictionnaire
4444 4977 4537 5034 cles

1405 5103 1556 5144 nome
1594 5093 1713 5155 etc„
1753 5108 1803 5145 n.
1849 5088 2004 5143 1150.
