5034 6400
2737 601 3092 667 ...gg-

1364 745 1431 813 in
1478 766 1597 830 quo
1643 746 1922 814 doctrina
1950 743 2245 831 religiosa
2272 743 2725 829 Aegyptiorum
2755 741 3119 827 explicatur.
3166 739 3404 825 Incipit
3446 759 3486 807 a
3529 739 3720 807 titulo
3767 738 3877 826 qui
3923 737 4130 808 differt
4160 739 4240 808 ab
4271 758 4477 809 exem·

1366 856 1531 942 plari
1576 857 1922 924 taurinensi
1968 858 2033 922 et
2075 855 2171 921 ita
2214 872 2281 921 se
2325 854 2555 922 habet:

1453 990 1606 1071 *ἓ
1454 993 1832 1148 R
1907 1000 2241 1141 {²²:⁷55
2323 1033 2474 1137 ἵ
2831 991 3112 1138 ms?
3196 990 3356 1142 Ξῖ
3474 984 3630 1136 {5¹
3756 988 3910 1143 n

1477 1171 1595 1237 Ha
1686 1188 1798 1237 em
1978 1168 2164 1235 satu
2324 1187 2463 1254 per
2579 1186 2693 1234 em
2870 1165 3027 1232 hau
3158 1185 3238 1232 ro
3286 1184 3377 1233 en
3464 1183 3605 1249 per
3767 1183 3881 1231 em

1369 1284 1642 1350 Iaitzum
1667 1282 1834 1349 libri
1857 1301 1979 1369 quo
2007 1283 2425 1367 exirepotest
2442 1278 2842 1365 (defunctus)
2870 1295 2903 1345 e
2925 1276 3051 1345 die.
3087 1276 3453 1363 Capitulum
3477 1295 3597 1364 quo
3624 1277 3810 1344 exire
3827 1280 4043 1362 potest
4066 1274 4469 1362 (defunctus)

1409 1710 1565 1776 hau
1903 1709 2033 1775 art
2193 1726 2488 1790 zeper.
2575 1755 2591 1771 .
2623 1629 3018 1788 wxeperu
3152 1625 3469 1770 nebm
3350 1720 3441 1770 en
3484 1720 3649 1771 mer
3679 1748 4007 1767 .......

1456 1840 1489 1887 e
1535 1818 1643 1888 die
1792 1825 1851 1886 et
1894 1820 2121 1906 facere
2189 1819 2811 1903 transformationes
2860 1833 3072 1882 omnes
3119 1834 3281 1901 quas
3329 1815 3466 1900 ipse
3511 1814 3653 1881 vult
3683 1860 4008 1879 .......

2569 1533 2619 1596 Χ

2568 1526 2731 1682 ΧΧ

1544 2042 1621 2108 In
1664 2042 1843 2108 textu
1887 2040 2140 2126 legitur,
2191 2039 2519 2108 duodecies
2549 2039 2821 2124 repetita
2849 2037 3121 2105 formula
3159 2036 3664 2124 interrogationis
3703 2037 3891 2106 rubro
3935 2037 4141 2108 colore
4183 2038 4468 2124 depicta:

2475 2258 3365 2416 ngmgoffiie

2564 2440 2802 2524 petra
3024 2438 3157 2506 ref
3237 2457 3329 2506 su

2608 2548 2766 2638 quid
3034 2557 3126 2618 est
3215 2550 3334 2619 hoc
3356 2553 3386 2618 2

1541 2776 1709 2843 Huic
1754 2775 2225 2863 interrogationi
2270 2773 2346 2842 de
2390 2774 2741 2860 praecipuis
2786 2773 3109 2860 mysteriis
3151 2773 3474 2860 religionis
3521 2773 3850 2841 defunctus
3877 2773 4244 2858 respondere
4275 2772 4465 2841 debet

1366 2890 1439 2954 ut
1482 2886 1939 2955 beatitudinem
1982 2886 2369 2970 assequatur.
2418 2885 2514 2951 De
2561 2884 2677 2952 hoc
2722 2885 3001 2969 capitulo
3045 2883 3259 2963 XVII,
3305 2883 3470 2969 quod
3512 2884 3728 2972 magni
3773 2885 4073 2952 momenti
4115 2886 4231 2964 est,
4287 2885 4463 2952 docte

1369 2998 1665 3065 disseruit
1708 2997 1804 3063 vir
1840 2997 2228 3064 clarissimus
2259 2996 2633 3062 Emmanuel
2666 2996 2741 3062 de
2771 2995 3005 3082 Rouge,
3039 2994 3148 3079 qui
3177 2995 3449 3079 primum
3482 2993 3615 3079 ejus
3646 2994 4102 3064 traductionem
4133 2994 4333 3065 edidit·
4360 2994 4461 3085 (¹).

2563 3339 3268 3349 ——.-——————————

2147 3753 2952 3858 PAPYRUM
3028 3749 3680 3913 XXXII&

2791 4131 2870 4199 N.
2923 4134 3027 4200 78.

1542 4266 1856 4384 Papssrrum
1900 4297 2131 4364 litteris
2177 4298 2501 4366 demoticis
2549 4300 2865 4364 exaratum
2912 4298 3141 4366 aetatis
3185 4297 3593 4382 ptolemaicae
3646 4298 3918 4383 quinque
3962 4295 4270 4367 columnis
4315 4317 4459 4367 oon·-

1362 4412 1553 4488 stan3‚
1601 4428 1861 4494 quarum
1905 4409 2108 4494 prima
2154 4412 2253 4477 est
2296 4409 2424 4477 fere
2471 4410 2719 4476 omnino
2766 4409 3050 4475 evanida.
3093 4409 3387 4476 Continet
3429 4412 3689 4491 textum,
3721 4412 3796 4477 ut
3837 4410 4102 4490 videtur,
4135 4402 4458 4495 computa-

1361 4521 1549 4587 tionis
1593 4521 1874 4605 privatae
1920 4520 1986 4586 in
2032 4539 2152 4603 quo
2196 4539 2418 4587 manus
2465 4519 2746 4586 diversae
2793 4519 3074 4605 dignosci
3118 4522 3395 4603 possunt.

1525 4760 1594 4830 (¹)
1631 4759 1769 4815 Vide
1795 4758 1913 4830 ejus
1937 4759 2372 4816 dissertationem
2413 4778 2442 4809 u
2465 4745 2645 4817 E'cado
2679 4775 2778 4817 sur
2813 4759 2864 4817 le
2899 4759 3075 4819 ritael
3107 4757 3397 4833 fimet-aire
3434 4756 3528 4817 des
3565 4758 3788 4819 ancien-5
3811 4746 4114 4837 quplicts
4139 4783 4166 4814 n
4206 4761 4266 4817 in
4302 4761 4464 4834 ephe-

1360 4852 1561 4909 meride
1610 4873 1636 4902 ιι
1662 4853 1844 4909 Revue
1883 4853 2298 4925 archeologique
2322 4874 2349 4904 n
2396 4853 2551 4920 1860,
2589 4870 2711 4925 pag.
2748 4853 2820 4910 40
2857 4869 3006 4925 seqq.
