5034 6400
1297 1039 1729 1181 PAPY
1765 1040 2101 1164 RUM
2207 1061 2425 1183 XL
2454 1057 2896 1165 ἾῙΙΙΙ.ΠΜ

1848 1482 1929 1549 Ν.
1962 1455 2080 1549 96-
2083 1483 2167 1549 98
2200 1479 2303 1569 (ι).

703 1670 1016 1755 Papyrum
1075 1667 1450 1736 hieraticum
1509 1666 1831 1733 continens
1892 1665 2171 1750 capitula
2234 1664 2539 1762 quaedam
2591 1665 2742 1731 libri
2801 1683 2843 1749 p
2860 1684 2939 1732 er
2998 1683 3111 1732 em
3172 1665 3216 1729 h
3234 1684 3267 1731 e
3282 1684 3314 1730 r
3329 1683 3371 1731 u
3431 1664 3627 1749 nigris

523 1784 740 1870 figuris
783 1781 1173 1848 illustratum
1220 1781 1285 1846 et
1328 1779 1556 1846 aetatis
1602 1778 1862 1846 fortasse
1908 1763 2338 1863 ptolemaicae.
2388 1777 2676 1844 Pertinet
2721 1776 2802 1843 ad
2847 1775 3231 1845 sacerdotem
3262 1776 3366 1843 cui
3396 1775 3625 1910 titulus

528 1897 593 1960 et
635 1912 893 1961 nomen·

586 2047 887 2203 m}
1038 2064 1290 2188 Μ
1394 2047 1720 2202 Qfflffl
1980 2042 2986 2229 ἰῑῧίᾎοῇ-ἡέῗ
3168 2044 3294 2197 Η

529 2252 756 2317 neter
801 2250 948 2315 hon
1039 2249 1173 2334 tep
1222 2267 1311 2315 en
1431 2254 1664 2344 amun
2066 2245 2265 2313 Nes·
2237 2266 2419 2329 -pa-
2392 2264 2603 2312 --rer
2579 2246 2800 2312 -taui
3076 2247 3406 2328 maxeru

514 2365 655 2440 ,Sa
635 2360 850 2430 erdos
884 2362 1146 2448 primus
1368 2363 1701 2429 Ammonis
2121 2335 2727 2441 Nesparertaui
3042 2357 3452 2447 justzficatus

703 2584 945 2653 Nomen
990 2584 1210 2651 matris
1257 2582 1390 2666 eJus
1438 2585 1572 2664 erat
1590 2602 1614 2647 ι

1566 2737 2530 2895 ’0ᾎὲᾗᾶὶὲῧέ

1816 2918 2333 3000 Tasetxonsu

1441 3285 1728 3375 Folium
1773 3284 1830 3356 Ι.
1877 3287 1955 3354 N.
2005 3288 2111 3354 96.
2160 3287 2345 3375 (Pars
2391 3286 2714 3373 superior).

706 3518 1043 3586 COLUMNA
1088 3516 1142 3582 Ι.
1190 3552 1278 3565 -
1324 3515 1478 3581 Pars
1509 3465 1764 3581 tabulae
1795 3514 2059 3597 capituli
2090 3513 2265 3579 XVI.
2313 3513 2548 3579 Mulier
2593 3532 2771 3580 orans
2803 3515 2948 3581 ante
2979 3514 3221 3581 discum
3253 3512 3415 3582 Solis
3446 3515 3632 3580 rubro

528 3630 725 3697 colore
771 3628 1123 3712 depictum:
1173 3627 1252 3693 ad
1296 3627 1542 3693 laevam
1587 3624 1765 3692 adest
1810 3625 2163 3709 symbolum
2209 3625 2487 3690 orientia.
2537 3624 2736 3707 Supra
2767 3626 2864 3690 est
2893 3624 3069 3691 navis
3100 3625 3443 3711 symbolica
3488 3645 3629 3692 cum

529 3739 649 3806 diis
695 3741 830 3817 Βῖι,
878 3737 1207 3806 Osiride
1254 3740 1320 3841 et
1361 3755 1623 3820 xepra.
1673 3737 1868 3802 Deest
1912 3735 2110 3821 figura
2157 3734 2433 3801 defuncti
2480 3735 2560 3801 ob
2607 3736 2946 3802 fracturam
2990 3736 3228 3820 papyri.

705 3963 1043 4031 COLUMNA
1075 3962 1160 4028 11.
1194 3997 1282 4010 —
1312 3961 1468 4027 Pars
1500 3960 1756 4027 tabulae
1788 3960 2053 4044 capituli
2084 3961 2275 4027 XVII
2304 3961 2417 4027 ubi
2448 3961 2752 4044 aspicitur
2782 3961 3113 4029 defunctus
3159 3965 3305 4028 ante
3344 3962 3630 4029 tabulam

529 4074 846 4150 lusoriam,
892 4074 1070 4141 navis
1116 4093 1261 4140 cum
1306 4091 1474 4138 sacro
1520 4072 1713 4138 ariete
1760 4073 1824 4137 et
1871 4071 2030 4138 aliae
2061 4071 2298 4157 figurae
2328 4070 2607 4155 ejusdem
2638 4070 2914 4138 tabulae.
2962 4069 3190 4138 Subest
3219 4074 3429 4140 textus
3458 4076 3631 4157 capi-

523 4186 642 4253 tuli
688 4185 915 4253 XVIII
961 4186 1065 4253 cui
1114 4185 1479 4270 conjunctae
1525 4188 1674 4252 sunt
1716 4185 1843 4249 tres
1888 4183 2144 4249 tabulae
2191 4181 2624 4250 adorationum
2672 4182 2952 4266 ejusdem
2997 4184 3281 4268 capituli.

1720 4488 2008 4619 Folium
2053 4547 2146 4618 H.
2193 4551 2273 4618 N.
2323 4553 2428 4618 97.

699 4754 854 4820 Pars
898 4753 1178 4838 superior
1219 4752 1476 4820 tabulae
1519 4751 1786 4837 capituli
1833 4752 1945 4820 CX
1976 4771 2134 4838 quae
2166 4752 2457 4837 exprimit
2502 4772 2796 4837 campum
2848 4753 3167 4821 Aanuro
3221 4772 3331 4820 seu
3375 4754 3629 4840 Elysios

526 4865 991 4952 Aegyptiorum.

690 5104 758 5172 (¹)
793 5102 858 5159 In
894 5121 1031 5160 mus·
1066 5102 1179 5161 tab.
1216 5104 1304 5160 22.

3179 5237 3245 5290 14
