<?xml version="1.0" encoding="UTF-8"?>
<!DOCTYPE html PUBLIC "-//W3C//DTD XHTML 1.0 Transitional//EN"
    "http://www.w3.org/TR/xhtml1/DTD/xhtml1-transitional.dtd">
<html xmlns="http://www.w3.org/1999/xhtml" xml:lang="en" lang="en">
 <head>
  <title>
</title>
<meta http-equiv="Content-Type" content="text/html;charset=utf-8" />
  <meta name='ocr-system' content='tesseract 3.04.00' />
  <meta name='ocr-capabilities' content='ocr_page ocr_carea ocr_par ocr_line ocrx_word'/>
</head>
<body>
  <div class='ocr_page' id='page_1' title='image "./monumentapapyra00biblgoog_0147.png"; bbox 0 0 5034 6400; ppageno 0'>
   <div class='ocr_carea' id='block_1_1' title="bbox 2521 0 3108 4">
    <p class='ocr_par' dir='ltr' id='par_1_1' title="bbox 2521 0 3108 4">
     <span class='ocr_line' id='line_1_1' title="bbox 2521 0 3108 4; baseline 0 0"><span class='ocrx_word' id='word_1_1' title='bbox 2521 0 3108 4; x_wconf 95' lang='lat' dir='ltr'> </span> 
     </span>
    </p>
   </div>
   <div class='ocr_carea' id='block_1_2' title="bbox 1480 0 3108 9">
    <p class='ocr_par' dir='ltr' id='par_1_2' title="bbox 1480 0 3108 9">
     <span class='ocr_line' id='line_1_2' title="bbox 1480 0 3108 9; baseline 0 0"><span class='ocrx_word' id='word_1_2' title='bbox 1480 0 3108 9; x_wconf 95' lang='lat' dir='ltr'> </span> 
     </span>
    </p>
   </div>
   <div class='ocr_carea' id='block_1_3' title="bbox 1921 662 2318 726">
    <p class='ocr_par' dir='ltr' id='par_1_3' title="bbox 1921 662 2318 726">
     <span class='ocr_line' id='line_1_3' title="bbox 1921 662 2318 726; baseline 0 0"><span class='ocrx_word' id='word_1_3' title='bbox 1921 662 2318 726; x_wconf 84' lang='lat'><strong>-135-</strong></span> 
     </span>
    </p>
   </div>
   <div class='ocr_carea' id='block_1_4' title="bbox 1612 1193 2648 1272">
    <p class='ocr_par' dir='ltr' id='par_1_4' title="bbox 1612 1193 2648 1272">
     <span class='ocr_line' id='line_1_4' title="bbox 1612 1193 2648 1272; baseline -0.003 -1"><span class='ocrx_word' id='word_1_4' title='bbox 1612 1196 2021 1272; x_wconf 85' lang='lat' dir='ltr'><strong>TABULA</strong></span> <span class='ocrx_word' id='word_1_5' title='bbox 2084 1193 2648 1271; x_wconf 77' lang='lat' dir='ltr'><strong>SYNOPTIGA</strong></span> 
     </span>
    </p>
   </div>
   <div class='ocr_carea' id='block_1_5' title="bbox 1868 1388 2266 1399">
    <p class='ocr_par' dir='ltr' id='par_1_5' title="bbox 1868 1388 2266 1399">
     <span class='ocr_line' id='line_1_5' title="bbox 1868 1388 2266 1399; baseline 0 5001"><span class='ocrx_word' id='word_1_6' title='bbox 1868 1388 2266 1399; x_wconf 95' lang='lat' dir='ltr'> </span> 
     </span>
    </p>
   </div>
   <div class='ocr_carea' id='block_1_6' title="bbox 571 1641 3679 1842">
    <p class='ocr_par' dir='ltr' id='par_1_6' title="bbox 571 1641 3679 1842">
     <span class='ocr_line' id='line_1_6' title="bbox 744 1641 3679 1731; baseline -0.002 -19"><span class='ocrx_word' id='word_1_7' title='bbox 744 1647 986 1731; x_wconf 82' lang='lat' dir='ltr'>Papyra</span> <span class='ocrx_word' id='word_1_8' title='bbox 1033 1646 1318 1711; x_wconf 83' lang='lat' dir='ltr'>vaticana</span> <span class='ocrx_word' id='word_1_9' title='bbox 1364 1645 1487 1710; x_wconf 90' lang='lat' dir='ltr'>huc</span> <span class='ocrx_word' id='word_1_10' title='bbox 1532 1663 1724 1729; x_wconf 81' lang='lat' dir='ltr'>usque</span> <span class='ocrx_word' id='word_1_11' title='bbox 1774 1644 2086 1728; x_wconf 82' lang='lat' dir='ltr'>descripta</span> <span class='ocrx_word' id='word_1_12' title='bbox 2109 1693 2125 1721; x_wconf 91' lang='lat'>‚</span> <span class='ocrx_word' id='word_1_13' title='bbox 2190 1642 2244 1708; x_wconf 81' lang='lat' dir='ltr'>si</span> <span class='ocrx_word' id='word_1_14' title='bbox 2291 1661 2365 1709; x_wconf 86' lang='lat' dir='ltr'>ex</span> <span class='ocrx_word' id='word_1_15' title='bbox 2408 1643 2509 1708; x_wconf 81' lang='lat' dir='ltr'>his</span> <span class='ocrx_word' id='word_1_16' title='bbox 2555 1641 2909 1726; x_wconf 85' lang='lat' dir='ltr'>fragmenta</span> <span class='ocrx_word' id='word_1_17' title='bbox 2951 1641 3132 1725; x_wconf 85' lang='lat' dir='ltr'>parvi</span> <span class='ocrx_word' id='word_1_18' title='bbox 3169 1642 3472 1708; x_wconf 78' lang='lat' dir='ltr'>momenti</span> <span class='ocrx_word' id='word_1_19' title='bbox 3517 1641 3679 1707; x_wconf 85' lang='lat' dir='ltr'>exci-</span> 
     </span>
     <span class='ocr_line' id='line_1_7' title="bbox 571 1755 1742 1842; baseline -0.003 -18"><span class='ocrx_word' id='word_1_20' title='bbox 571 1759 710 1842; x_wconf 82' lang='lat' dir='ltr'>pias</span> <span class='ocrx_word' id='word_1_21' title='bbox 734 1808 750 1836; x_wconf 93' lang='lat'>‚</span> <span class='ocrx_word' id='word_1_22' title='bbox 800 1759 894 1824; x_wconf 84' lang='lat' dir='ltr'>ita</span> <span class='ocrx_word' id='word_1_23' title='bbox 939 1757 1289 1824; x_wconf 85' lang='lat' dir='ltr'>enumerari</span> <span class='ocrx_word' id='word_1_24' title='bbox 1335 1759 1595 1839; x_wconf 81' lang='lat' dir='ltr'>possunt</span> <span class='ocrx_word' id='word_1_25' title='bbox 1639 1755 1742 1842; x_wconf 88' lang='lat'><strong>(¹).</strong></span> 
     </span>
    </p>
   </div>
   <div class='ocr_carea' id='block_1_7' title="bbox 570 1885 2594 2079">
    <p class='ocr_par' dir='ltr' id='par_1_7' title="bbox 570 1885 2594 2079">
     <span class='ocr_line' id='line_1_8' title="bbox 570 1885 2594 2079; baseline -0.005 -66"><span class='ocrx_word' id='word_1_26' title='bbox 570 1940 1145 2032; x_wconf 79' lang='lat' dir='ltr'>Hieroglyphica</span> <span class='ocrx_word' id='word_1_27' title='bbox 1189 1942 1268 2011; x_wconf 87' lang='lat' dir='ltr'>N.</span> <span class='ocrx_word' id='word_1_28' title='bbox 1302 1944 1401 2019; x_wconf 85' lang='lat'>16,</span> <span class='ocrx_word' id='word_1_29' title='bbox 1451 1961 1714 2027; x_wconf 90' lang='lat' dir='ltr'>quorum</span> <span class='ocrx_word' id='word_1_30' title='bbox 1759 1891 1782 2079; x_wconf 51' lang='grc' dir='ltr'><strong><em>ἓ</em></strong></span> <span class='ocrx_word' id='word_1_31' title='bbox 1847 1889 1915 2062; x_wconf 55' lang='lat'>{2</span> <span class='ocrx_word' id='word_1_32' title='bbox 1961 1888 2393 2062; x_wconf 39' lang='grc' dir='ltr'>ῙΞΞΞΞΞἛῩΒΙ</span> <span class='ocrx_word' id='word_1_33' title='bbox 2402 1885 2483 2061; x_wconf 53' lang='lat' dir='ltr'><strong>ff</strong></span> <span class='ocrx_word' id='word_1_34' title='bbox 2533 1888 2594 1951; x_wconf 85' lang='lat'>6.</span> 
     </span>
    </p>
   </div>
   <div class='ocr_carea' id='block_1_8' title="bbox 1834 2104 2586 2175">
    <p class='ocr_par' dir='ltr' id='par_1_8' title="bbox 1834 2104 2586 2175">
     <span class='ocr_line' id='line_1_9' title="bbox 1834 2104 2586 2175; baseline -0.008 0"><span class='ocrx_word' id='word_1_35' title='bbox 1834 2111 1900 2175; x_wconf 93' lang='lat' dir='ltr'>in</span> <span class='ocrx_word' id='word_1_36' title='bbox 1947 2107 2346 2175; x_wconf 71' lang='lat' dir='ltr'>Bibliotheca</span> <span class='ocrx_word' id='word_1_37' title='bbox 2392 2104 2470 2171; x_wconf 90' lang='lat' dir='ltr'>N.</span> <span class='ocrx_word' id='word_1_38' title='bbox 2526 2107 2586 2171; x_wconf 85' lang='lat'>7.</span> 
     </span>
    </p>
   </div>
   <div class='ocr_carea' id='block_1_9' title="bbox 457 2109 2689 2849">
    <p class='ocr_par' dir='ltr' id='par_1_9' title="bbox 457 2109 2689 2849">
     <span class='ocr_line' id='line_1_10' title="bbox 563 2109 1850 2301; baseline -0.004 -69"><span class='ocrx_word' id='word_1_39' title='bbox 563 2159 936 2233; x_wconf 81' lang='lat' dir='ltr'>Hieratioa</span> <span class='ocrx_word' id='word_1_40' title='bbox 979 2162 1060 2229; x_wconf 88' lang='lat' dir='ltr'>N.</span> <span class='ocrx_word' id='word_1_41' title='bbox 1108 2164 1192 2230; x_wconf 83' lang='lat'>37</span> <span class='ocrx_word' id='word_1_42' title='bbox 1569 2189 1592 2216; x_wconf 69' lang='lat' dir='ltr'>a</span> <span class='ocrx_word' id='word_1_43' title='bbox 1746 2109 1768 2301; x_wconf 51' lang='grc' dir='ltr'><em>Ξ</em></span> <span class='ocrx_word' id='word_1_44' title='bbox 1839 2216 1850 2227; x_wconf 95' lang='grc'><strong>.</strong></span> 
     </span>
     <span class='ocr_line' id='line_1_11' title="bbox 1833 2214 2448 2280; baseline -0.005 -1"><span class='ocrx_word' id='word_1_45' title='bbox 1833 2234 1899 2280; x_wconf 88' lang='lat' dir='ltr'>m</span> <span class='ocrx_word' id='word_1_46' title='bbox 1946 2214 2165 2279; x_wconf 82' lang='lat' dir='ltr'>Museo</span> <span class='ocrx_word' id='word_1_47' title='bbox 2212 2214 2289 2279; x_wconf 93' lang='lat' dir='ltr'>N.</span> <span class='ocrx_word' id='word_1_48' title='bbox 2340 2215 2448 2279; x_wconf 87' lang='lat'>30.</span> 
     </span>
     <span class='ocr_line' id='line_1_12' title="bbox 573 2324 2402 2397; baseline -0.004 -2"><span class='ocrx_word' id='word_1_49' title='bbox 573 2324 943 2397; x_wconf 76' lang='lat' dir='ltr'>Demotiea</span> <span class='ocrx_word' id='word_1_50' title='bbox 987 2328 1066 2394; x_wconf 89' lang='lat' dir='ltr'>N.</span> <span class='ocrx_word' id='word_1_51' title='bbox 1115 2329 1155 2392; x_wconf 89' lang='lat'>9</span> <span class='ocrx_word' id='word_1_52' title='bbox 1832 2327 1900 2392; x_wconf 90' lang='lat' dir='ltr'>in</span> <span class='ocrx_word' id='word_1_53' title='bbox 1947 2326 2166 2392; x_wconf 86' lang='lat' dir='ltr'>Museo</span> <span class='ocrx_word' id='word_1_54' title='bbox 2212 2325 2291 2391; x_wconf 91' lang='lat' dir='ltr'>N.</span> <span class='ocrx_word' id='word_1_55' title='bbox 2341 2326 2402 2389; x_wconf 90' lang='lat'>9.</span> 
     </span>
     <span class='ocr_line' id='line_1_13' title="bbox 559 2435 2689 2631; baseline -0.005 -121"><span class='ocrx_word' id='word_1_56' title='bbox 559 2489 837 2561; x_wconf 60' lang='lat' dir='ltr'><strong>Graeca</strong></span> <span class='ocrx_word' id='word_1_57' title='bbox 927 2492 986 2558; x_wconf 81' lang='lat' dir='ltr'>N</span> <span class='ocrx_word' id='word_1_58' title='bbox 1054 2494 1094 2557; x_wconf 85' lang='lat'>9</span> <span class='ocrx_word' id='word_1_59' title='bbox 1567 2519 1591 2547; x_wconf 48' lang='lat' dir='ltr'>n</span> <span class='ocrx_word' id='word_1_60' title='bbox 1742 2439 1764 2631; x_wconf 51' lang='grc' dir='ltr'><em>Ξ</em></span> <span class='ocrx_word' id='word_1_61' title='bbox 1828 2440 1894 2504; x_wconf 92' lang='lat' dir='ltr'>in</span> <span class='ocrx_word' id='word_1_62' title='bbox 1938 2437 2339 2503; x_wconf 86' lang='lat' dir='ltr'>Bibliotheca</span> <span class='ocrx_word' id='word_1_63' title='bbox 2387 2435 2464 2502; x_wconf 91' lang='lat' dir='ltr'>N.</span> <span class='ocrx_word' id='word_1_64' title='bbox 2515 2438 2574 2503; x_wconf 84' lang='lat'>7.</span> <span class='ocrx_word' id='word_1_65' title='bbox 2684 2455 2689 2460; x_wconf 90' lang='lat'>·</span> 
     </span>
     <span class='ocr_line' id='line_1_14' title="bbox 991 2541 2376 2610; baseline -0.005 4"><span class='ocrx_word' id='word_1_66' title='bbox 991 2543 1003 2558; x_wconf 88' lang='lat'>&#39;</span> <span class='ocrx_word' id='word_1_67' title='bbox 1829 2544 1893 2610; x_wconf 90' lang='lat' dir='ltr'>in</span> <span class='ocrx_word' id='word_1_68' title='bbox 1942 2544 2161 2609; x_wconf 83' lang='lat' dir='ltr'>Museo</span> <span class='ocrx_word' id='word_1_69' title='bbox 2209 2541 2285 2608; x_wconf 90' lang='lat' dir='ltr'>N.</span> <span class='ocrx_word' id='word_1_70' title='bbox 2335 2545 2376 2608; x_wconf 82' lang='lat'>2</span> 
     </span>
     <span class='ocr_line' id='line_1_15' title="bbox 753 2654 2589 2727; baseline -0.005 0"><span class='ocrx_word' id='word_1_71' title='bbox 753 2709 769 2727; x_wconf 91' lang='lat'><strong>.</strong></span> <span class='ocrx_word' id='word_1_72' title='bbox 1836 2658 1901 2722; x_wconf 90' lang='lat' dir='ltr'>in</span> <span class='ocrx_word' id='word_1_73' title='bbox 1952 2655 2353 2721; x_wconf 88' lang='lat' dir='ltr'>Bibliotheca</span> <span class='ocrx_word' id='word_1_74' title='bbox 2397 2654 2477 2719; x_wconf 92' lang='lat' dir='ltr'>N.</span> <span class='ocrx_word' id='word_1_75' title='bbox 2527 2656 2589 2720; x_wconf 88' lang='grc'>3.</span> 
     </span>
     <span class='ocr_line' id='line_1_16' title="bbox 457 2658 2401 2849; baseline -0.005 -13"><span class='ocrx_word' id='word_1_76' title='bbox 457 2739 460 2750; x_wconf 34' lang='lat'>⁸</span> <span class='ocrx_word' id='word_1_77' title='bbox 561 2707 857 2795; x_wconf 52' lang='lat' dir='ltr'><strong>copam</strong></span> <span class='ocrx_word' id='word_1_78' title='bbox 888 2711 981 2776; x_wconf 65' lang='lat' dir='ltr'>&#39;N&#39;</span> <span class='ocrx_word' id='word_1_79' title='bbox 1030 2713 1069 2776; x_wconf 76' lang='grc'>6</span> <span class='ocrx_word' id='word_1_80' title='bbox 1552 2738 1576 2765; x_wconf 72' lang='grc'><strong><em>”</em></strong></span> <span class='ocrx_word' id='word_1_81' title='bbox 1745 2658 1768 2849; x_wconf 51' lang='lat'><em>3</em></span> <span class='ocrx_word' id='word_1_82' title='bbox 1833 2765 1899 2829; x_wconf 90' lang='lat' dir='ltr'>in</span> <span class='ocrx_word' id='word_1_83' title='bbox 1945 2762 2165 2829; x_wconf 87' lang='lat' dir='ltr'>Museo</span> <span class='ocrx_word' id='word_1_84' title='bbox 2210 2762 2289 2827; x_wconf 94' lang='lat' dir='ltr'>N.</span> <span class='ocrx_word' id='word_1_85' title='bbox 2338 2767 2401 2830; x_wconf 89' lang='lat'>3.</span> 
     </span>
    </p>
   </div>
   <div class='ocr_carea' id='block_1_10' title="bbox 578 2896 2136 2982">
    <p class='ocr_par' dir='ltr' id='par_1_10' title="bbox 578 2896 2136 2982">
     <span class='ocr_line' id='line_1_17' title="bbox 578 2896 2136 2982; baseline -0.002 -20"><span class='ocrx_word' id='word_1_86' title='bbox 578 2897 822 2981; x_wconf 78' lang='lat' dir='ltr'>Papyra</span> <span class='ocrx_word' id='word_1_87' title='bbox 867 2916 1129 2982; x_wconf 84' lang='lat' dir='ltr'>quorum</span> <span class='ocrx_word' id='word_1_88' title='bbox 1174 2899 1347 2964; x_wconf 84' lang='lat' dir='ltr'>aetas</span> <span class='ocrx_word' id='word_1_89' title='bbox 1385 2896 1660 2980; x_wconf 86' lang='lat' dir='ltr'>judicari</span> <span class='ocrx_word' id='word_1_90' title='bbox 1704 2899 1910 2980; x_wconf 78' lang='lat' dir='ltr'>potest</span> <span class='ocrx_word' id='word_1_91' title='bbox 1955 2899 2136 2962; x_wconf 82' lang='lat' dir='ltr'>sunt:</span> 
     </span>
    </p>
   </div>
   <div class='ocr_carea' id='block_1_11' title="bbox 1716 3025 2555 3205">
    <p class='ocr_par' dir='ltr' id='par_1_11' title="bbox 1716 3025 2555 3205">
     <span class='ocr_line' id='line_1_18' title="bbox 1783 3025 2489 3092; baseline 0 -2"><span class='ocrx_word' id='word_1_92' title='bbox 1783 3025 2189 3092; x_wconf 76' lang='lat' dir='ltr'><strong>DYNAST1AE</strong></span> <span class='ocrx_word' id='word_1_93' title='bbox 2239 3025 2489 3091; x_wconf 88' lang='lat' dir='ltr'><strong>XVIII.</strong></span> 
     </span>
     <span class='ocr_line' id='line_1_19' title="bbox 1716 3134 2555 3205; baseline -0.004 -13"><span class='ocrx_word' id='word_1_94' title='bbox 1716 3136 1952 3200; x_wconf 85' lang='lat' dir='ltr'>(Saeculi</span> <span class='ocrx_word' id='word_1_95' title='bbox 1989 3153 2035 3190; x_wconf 86' lang='lat' dir='ltr'>a.</span> <span class='ocrx_word' id='word_1_96' title='bbox 2075 3134 2200 3191; x_wconf 81' lang='lat' dir='ltr'>chr.</span> <span class='ocrx_word' id='word_1_97' title='bbox 2238 3134 2555 3205; x_wconf 84' lang='lat' dir='ltr'><strong>XVII-XV).</strong></span> 
     </span>
    </p>
   </div>
   <div class='ocr_carea' id='block_1_12' title="bbox 749 3257 2833 3365">
    <p class='ocr_par' dir='ltr' id='par_1_12' title="bbox 749 3257 2833 3365">
     <span class='ocr_line' id='line_1_20' title="bbox 749 3257 2833 3365; baseline -0.002 -19"><span class='ocrx_word' id='word_1_98' title='bbox 749 3281 1062 3365; x_wconf 80' lang='lat' dir='ltr'>Papyrum</span> <span class='ocrx_word' id='word_1_99' title='bbox 1106 3300 1246 3364; x_wconf 86' lang='lat' dir='ltr'>per</span> <span class='ocrx_word' id='word_1_100' title='bbox 1292 3298 1407 3346; x_wconf 88' lang='lat' dir='ltr'>em</span> <span class='ocrx_word' id='word_1_101' title='bbox 1450 3279 1649 3345; x_wconf 80' lang='lat' dir='ltr'>horu</span> <span class='ocrx_word' id='word_1_102' title='bbox 1695 3277 1974 3345; x_wconf 79' lang='lat' dir='ltr'>defuncti</span> <span class='ocrx_word' id='word_1_103' title='bbox 2027 3257 2443 3364; x_wconf 58' lang='lat' dir='ltr'>simenemlzpt</span> <span class='ocrx_word' id='word_1_104' title='bbox 2487 3296 2631 3364; x_wconf 84' lang='lat' dir='ltr'>pag.</span> <span class='ocrx_word' id='word_1_105' title='bbox 2685 3278 2833 3343; x_wconf 86' lang='lat'><strong>123.</strong></span> 
     </span>
    </p>
   </div>
   <div class='ocr_carea' id='block_1_13' title="bbox 1710 3406 2553 3585">
    <p class='ocr_par' dir='ltr' id='par_1_13' title="bbox 1710 3406 2553 3585">
     <span class='ocr_line' id='line_1_21' title="bbox 1818 3406 2445 3473; baseline -0.003 0"><span class='ocrx_word' id='word_1_106' title='bbox 1818 3408 2219 3473; x_wconf 69' lang='lat' dir='ltr'>DYNAsnAE</span> <span class='ocrx_word' id='word_1_107' title='bbox 2268 3406 2445 3473; x_wconf 87' lang='lat' dir='ltr'><strong>XIX.</strong></span> 
     </span>
     <span class='ocr_line' id='line_1_22' title="bbox 1710 3513 2553 3585; baseline -0.005 -11"><span class='ocrx_word' id='word_1_108' title='bbox 1710 3519 1947 3583; x_wconf 84' lang='lat' dir='ltr'>(Saeculi</span> <span class='ocrx_word' id='word_1_109' title='bbox 1982 3535 2030 3573; x_wconf 89' lang='lat' dir='ltr'>a.</span> <span class='ocrx_word' id='word_1_110' title='bbox 2070 3513 2195 3571; x_wconf 84' lang='lat' dir='ltr'><strong>Chr.</strong></span> <span class='ocrx_word' id='word_1_111' title='bbox 2234 3516 2553 3585; x_wconf 86' lang='lat' dir='ltr'><strong>XIV-XIII).</strong></span> 
     </span>
    </p>
   </div>
   <div class='ocr_carea' id='block_1_14' title="bbox 745 3601 2947 4170">
    <p class='ocr_par' dir='ltr' id='par_1_14' title="bbox 746 3601 2947 3837">
     <span class='ocr_line' id='line_1_23' title="bbox 747 3601 2947 3723; baseline -0.002 -19"><span class='ocrx_word' id='word_1_112' title='bbox 747 3639 1063 3723; x_wconf 81' lang='lat' dir='ltr'>Papyrum</span> <span class='ocrx_word' id='word_1_113' title='bbox 1107 3657 1249 3721; x_wconf 84' lang='lat' dir='ltr'>per</span> <span class='ocrx_word' id='word_1_114' title='bbox 1292 3655 1407 3703; x_wconf 91' lang='lat' dir='ltr'>em</span> <span class='ocrx_word' id='word_1_115' title='bbox 1451 3637 1650 3702; x_wconf 90' lang='lat' dir='ltr'>heru</span> <span class='ocrx_word' id='word_1_116' title='bbox 1696 3636 2024 3704; x_wconf 83' lang='lat' dir='ltr'>defunctae</span> <span class='ocrx_word' id='word_1_117' title='bbox 2070 3601 2609 3716; x_wconf 68' lang='lat' dir='ltr'>i&#39;etczmenczusanx</span> <span class='ocrx_word' id='word_1_118' title='bbox 2652 3652 2794 3722; x_wconf 82' lang='lat' dir='ltr'>pag.</span> <span class='ocrx_word' id='word_1_119' title='bbox 2841 3635 2947 3701; x_wconf 85' lang='lat'>40.</span> 
     </span>
     <span class='ocr_line' id='line_1_24' title="bbox 746 3748 1767 3837; baseline -0.002 -21"><span class='ocrx_word' id='word_1_120' title='bbox 746 3750 1194 3837; x_wconf 80' lang='lat' dir='ltr'>Fragmentum</span> <span class='ocrx_word' id='word_1_121' title='bbox 1239 3748 1424 3816; x_wconf 86' lang='lat' dir='ltr'>lintei</span> <span class='ocrx_word' id='word_1_122' title='bbox 1468 3767 1610 3835; x_wconf 81' lang='lat' dir='ltr'>pag.</span> <span class='ocrx_word' id='word_1_123' title='bbox 1660 3749 1767 3815; x_wconf 87' lang='grc'>49.</span> 
     </span>
    </p>

    <p class='ocr_par' dir='ltr' id='par_1_15' title="bbox 745 3859 1760 3946">
     <span class='ocr_line' id='line_1_25' title="bbox 745 3859 1760 3946; baseline -0.003 -20"><span class='ocrx_word' id='word_1_124' title='bbox 745 3861 1059 3946; x_wconf 81' lang='lat' dir='ltr'>Papyrum</span> <span class='ocrx_word' id='word_1_125' title='bbox 1102 3861 1420 3946; x_wconf 82' lang='lat' dir='ltr'>magicum</span> <span class='ocrx_word' id='word_1_126' title='bbox 1464 3879 1605 3946; x_wconf 86' lang='lat' dir='ltr'>pag.</span> <span class='ocrx_word' id='word_1_127' title='bbox 1654 3859 1760 3925; x_wconf 90' lang='lat'>91.</span> 
     </span>
    </p>

    <p class='ocr_par' dir='ltr' id='par_1_16' title="bbox 746 3973 1927 4058">
     <span class='ocr_line' id='line_1_26' title="bbox 746 3973 1927 4058; baseline -0.001 -19"><span class='ocrx_word' id='word_1_128' title='bbox 746 3974 1058 4057; x_wconf 76' lang='lat' dir='ltr'>Papyrum</span> <span class='ocrx_word' id='word_1_129' title='bbox 1105 3973 1588 4056; x_wconf 85' lang='lat' dir='ltr'>computationis</span> <span class='ocrx_word' id='word_1_130' title='bbox 1632 3991 1770 4058; x_wconf 85' lang='lat' dir='ltr'>pag.</span> <span class='ocrx_word' id='word_1_131' title='bbox 1821 3974 1927 4039; x_wconf 88' lang='lat'>97.</span> 
     </span>
    </p>

    <p class='ocr_par' dir='ltr' id='par_1_17' title="bbox 749 4084 2754 4170">
     <span class='ocr_line' id='line_1_27' title="bbox 749 4084 2754 4170; baseline -0.001 -20"><span class='ocrx_word' id='word_1_132' title='bbox 749 4085 1066 4170; x_wconf 80' lang='lat' dir='ltr'>Papyrum</span> <span class='ocrx_word' id='word_1_133' title='bbox 1110 4104 1249 4169; x_wconf 86' lang='lat' dir='ltr'>per</span> <span class='ocrx_word' id='word_1_134' title='bbox 1294 4104 1408 4152; x_wconf 89' lang='lat' dir='ltr'>em</span> <span class='ocrx_word' id='word_1_135' title='bbox 1452 4084 1650 4152; x_wconf 87' lang='lat' dir='ltr'>heru</span> <span class='ocrx_word' id='word_1_136' title='bbox 1697 4084 1979 4152; x_wconf 85' lang='lat' dir='ltr'>defuncti</span> <span class='ocrx_word' id='word_1_137' title='bbox 2024 4085 2368 4164; x_wconf 66' lang='lat' dir='ltr'>Kenenhor</span> <span class='ocrx_word' id='word_1_138' title='bbox 2412 4102 2554 4170; x_wconf 85' lang='lat' dir='ltr'>pag.</span> <span class='ocrx_word' id='word_1_139' title='bbox 2609 4084 2754 4149; x_wconf 82' lang='lat'><strong>126.</strong></span> 
     </span>
    </p>
   </div>
   <div class='ocr_carea' id='block_1_15' title="bbox 1790 4235 2455 4415">
    <p class='ocr_par' dir='ltr' id='par_1_18' title="bbox 1790 4235 2455 4415">
     <span class='ocr_line' id='line_1_28' title="bbox 1790 4235 2455 4304; baseline -0.003 -2"><span class='ocrx_word' id='word_1_140' title='bbox 1790 4237 2195 4304; x_wconf 75' lang='lat' dir='ltr'><strong>DYNASTIAE</strong></span> <span class='ocrx_word' id='word_1_141' title='bbox 2244 4235 2455 4301; x_wconf 90' lang='lat' dir='ltr'><strong>XXII.</strong></span> 
     </span>
     <span class='ocr_line' id='line_1_29' title="bbox 1805 4343 2417 4415; baseline -0.003 -13"><span class='ocrx_word' id='word_1_142' title='bbox 1805 4346 2040 4414; x_wconf 86' lang='lat' dir='ltr'>(Saeculi</span> <span class='ocrx_word' id='word_1_143' title='bbox 2079 4366 2125 4403; x_wconf 88' lang='lat' dir='ltr'>a.</span> <span class='ocrx_word' id='word_1_144' title='bbox 2166 4343 2292 4402; x_wconf 87' lang='lat' dir='ltr'><strong>Chr.</strong></span> <span class='ocrx_word' id='word_1_145' title='bbox 2331 4346 2417 4415; x_wconf 85' lang='lat' dir='ltr'>X).</span> 
     </span>
    </p>
   </div>
   <div class='ocr_carea' id='block_1_16' title="bbox 747 4464 2741 4887">
    <p class='ocr_par' dir='ltr' id='par_1_19' title="bbox 747 4464 2741 4887">
     <span class='ocr_line' id='line_1_30' title="bbox 748 4464 2492 4550; baseline -0.002 -19"><span class='ocrx_word' id='word_1_146' title='bbox 748 4466 1058 4550; x_wconf 80' lang='lat' dir='ltr'>Papyrum</span> <span class='ocrx_word' id='word_1_147' title='bbox 1103 4485 1244 4550; x_wconf 85' lang='lat' dir='ltr'>per</span> <span class='ocrx_word' id='word_1_148' title='bbox 1289 4483 1403 4531; x_wconf 90' lang='lat' dir='ltr'>em</span> <span class='ocrx_word' id='word_1_149' title='bbox 1448 4465 1649 4531; x_wconf 86' lang='lat' dir='ltr'>heru</span> <span class='ocrx_word' id='word_1_150' title='bbox 1695 4464 1974 4531; x_wconf 86' lang='lat' dir='ltr'>defuncti</span> <span class='ocrx_word' id='word_1_151' title='bbox 2007 4470 2149 4549; x_wconf 74' lang='grc' dir='ltr'>ῌον</span> <span class='ocrx_word' id='word_1_152' title='bbox 2194 4483 2335 4550; x_wconf 84' lang='lat' dir='ltr'>pag.</span> <span class='ocrx_word' id='word_1_153' title='bbox 2391 4465 2492 4530; x_wconf 84' lang='lat'>74.</span> 
     </span>
     <span class='ocr_line' id='line_1_31' title="bbox 747 4576 2646 4664; baseline -0.001 -22"><span class='ocrx_word' id='word_1_154' title='bbox 747 4577 1064 4664; x_wconf 83' lang='lat' dir='ltr'>Papyrum</span> <span class='ocrx_word' id='word_1_155' title='bbox 1109 4598 1250 4662; x_wconf 86' lang='lat' dir='ltr'>per</span> <span class='ocrx_word' id='word_1_156' title='bbox 1295 4597 1410 4646; x_wconf 88' lang='lat' dir='ltr'>em</span> <span class='ocrx_word' id='word_1_157' title='bbox 1454 4577 1652 4643; x_wconf 81' lang='lat' dir='ltr'>horu</span> <span class='ocrx_word' id='word_1_158' title='bbox 1698 4576 1977 4643; x_wconf 83' lang='lat' dir='ltr'>defuncti</span> <span class='ocrx_word' id='word_1_159' title='bbox 2032 4579 2303 4645; x_wconf 74' lang='lat' dir='ltr'>Setimes</span> <span class='ocrx_word' id='word_1_160' title='bbox 2347 4594 2487 4662; x_wconf 84' lang='lat' dir='ltr'>pag.</span> <span class='ocrx_word' id='word_1_161' title='bbox 2539 4578 2646 4644; x_wconf 82' lang='lat'>85.</span> 
     </span>
     <span class='ocr_line' id='line_1_32' title="bbox 750 4687 2741 4774; baseline -0.002 -20"><span class='ocrx_word' id='word_1_162' title='bbox 750 4689 1065 4774; x_wconf 84' lang='lat' dir='ltr'>Papyrum</span> <span class='ocrx_word' id='word_1_163' title='bbox 1110 4708 1251 4773; x_wconf 86' lang='lat' dir='ltr'>per</span> <span class='ocrx_word' id='word_1_164' title='bbox 1297 4707 1410 4755; x_wconf 92' lang='lat' dir='ltr'>em</span> <span class='ocrx_word' id='word_1_165' title='bbox 1453 4688 1651 4755; x_wconf 81' lang='lat' dir='ltr'>horu</span> <span class='ocrx_word' id='word_1_166' title='bbox 1697 4687 2025 4755; x_wconf 80' lang='lat' dir='ltr'>defunctae</span> <span class='ocrx_word' id='word_1_167' title='bbox 2074 4691 2402 4769; x_wconf 72' lang='lat' dir='ltr'>Nesxonsu</span> <span class='ocrx_word' id='word_1_168' title='bbox 2445 4707 2589 4774; x_wconf 82' lang='lat' dir='ltr'>pag.</span> <span class='ocrx_word' id='word_1_169' title='bbox 2638 4689 2741 4755; x_wconf 83' lang='lat'>87.</span> 
     </span>
     <span class='ocr_line' id='line_1_33' title="bbox 747 4799 2670 4887; baseline -0.003 -18"><span class='ocrx_word' id='word_1_170' title='bbox 747 4805 1063 4887; x_wconf 81' lang='lat' dir='ltr'>Papyrum</span> <span class='ocrx_word' id='word_1_171' title='bbox 1108 4820 1250 4886; x_wconf 86' lang='lat' dir='ltr'>per</span> <span class='ocrx_word' id='word_1_172' title='bbox 1298 4820 1414 4867; x_wconf 90' lang='lat' dir='ltr'>em</span> <span class='ocrx_word' id='word_1_173' title='bbox 1458 4800 1660 4868; x_wconf 90' lang='lat' dir='ltr'>heru</span> <span class='ocrx_word' id='word_1_174' title='bbox 1706 4799 2035 4867; x_wconf 80' lang='lat' dir='ltr'>defunctae</span> <span class='ocrx_word' id='word_1_175' title='bbox 2087 4803 2286 4868; x_wconf 78' lang='lat' dir='ltr'>limat</span> <span class='ocrx_word' id='word_1_176' title='bbox 2314 4806 2471 4885; x_wconf 72' lang='lat' dir='ltr'>pag.</span> <span class='ocrx_word' id='word_1_177' title='bbox 2527 4801 2670 4865; x_wconf 88' lang='lat'><strong>113.</strong></span> 
     </span>
    </p>
   </div>
   <div class='ocr_carea' id='block_1_17' title="bbox 559 5036 3681 5207">
    <p class='ocr_par' dir='ltr' id='par_1_20' title="bbox 559 5036 3681 5207">
     <span class='ocr_line' id='line_1_34' title="bbox 731 5036 3681 5114; baseline -0.001 -18"><span class='ocrx_word' id='word_1_178' title='bbox 731 5042 799 5114; x_wconf 84' lang='lat'>(¹)</span> <span class='ocrx_word' id='word_1_179' title='bbox 837 5042 1051 5113; x_wconf 73' lang='lat' dir='ltr'>Papyra</span> <span class='ocrx_word' id='word_1_180' title='bbox 1087 5039 1463 5097; x_wconf 85' lang='lat' dir='ltr'>Bibliothecae</span> <span class='ocrx_word' id='word_1_181' title='bbox 1501 5055 1637 5110; x_wconf 84' lang='lat' dir='ltr'>quae</span> <span class='ocrx_word' id='word_1_182' title='bbox 1674 5040 1826 5110; x_wconf 81' lang='lat' dir='ltr'>prius</span> <span class='ocrx_word' id='word_1_183' title='bbox 1862 5056 1996 5109; x_wconf 87' lang='lat' dir='ltr'>pene</span> <span class='ocrx_word' id='word_1_184' title='bbox 2021 5036 2284 5103; x_wconf 85' lang='lat' dir='ltr'>latebant,</span> <span class='ocrx_word' id='word_1_185' title='bbox 2303 5054 2444 5094; x_wconf 87' lang='lat' dir='ltr'>nunc</span> <span class='ocrx_word' id='word_1_186' title='bbox 2481 5037 2815 5094; x_wconf 84' lang='lat' dir='ltr'>eruditorum</span> <span class='ocrx_word' id='word_1_187' title='bbox 2843 5039 3074 5095; x_wconf 86' lang='lat' dir='ltr'>utilitati</span> <span class='ocrx_word' id='word_1_188' title='bbox 3099 5042 3155 5094; x_wconf 85' lang='lat' dir='ltr'>et</span> <span class='ocrx_word' id='word_1_189' title='bbox 3178 5038 3460 5094; x_wconf 86' lang='lat' dir='ltr'>commodo</span> <span class='ocrx_word' id='word_1_190' title='bbox 3482 5038 3681 5108; x_wconf 83' lang='lat' dir='ltr'>partim</span> 
     </span>
     <span class='ocr_line' id='line_1_35' title="bbox 559 5131 2411 5207; baseline -0.003 -15"><span class='ocrx_word' id='word_1_191' title='bbox 559 5137 615 5191; x_wconf 90' lang='lat' dir='ltr'>in</span> <span class='ocrx_word' id='word_1_192' title='bbox 656 5135 856 5207; x_wconf 84' lang='lat' dir='ltr'>pluteis</span> <span class='ocrx_word' id='word_1_193' title='bbox 893 5140 1174 5191; x_wconf 81' lang='lat' dir='ltr'>servantur</span> <span class='ocrx_word' id='word_1_194' title='bbox 1210 5134 1408 5205; x_wconf 83' lang='lat' dir='ltr'>partim</span> <span class='ocrx_word' id='word_1_195' title='bbox 1446 5136 1572 5188; x_wconf 81' lang='lat' dir='ltr'>sunt</span> <span class='ocrx_word' id='word_1_196' title='bbox 1609 5131 1709 5188; x_wconf 84' lang='lat' dir='ltr'>sub</span> <span class='ocrx_word' id='word_1_197' title='bbox 1745 5131 1907 5188; x_wconf 85' lang='lat' dir='ltr'>theca</span> <span class='ocrx_word' id='word_1_198' title='bbox 1941 5132 2118 5188; x_wconf 79' lang='lat' dir='ltr'>vitrea</span> <span class='ocrx_word' id='word_1_199' title='bbox 2153 5133 2411 5202; x_wconf 80' lang='lat' dir='ltr'>exposita.</span> 
     </span>
    </p>
   </div>
   <div class='ocr_carea' id='block_1_18' title="bbox 4384 0 4907 5">
    <p class='ocr_par' dir='ltr' id='par_1_21' title="bbox 4384 0 4907 5">
     <span class='ocr_line' id='line_1_36' title="bbox 4384 0 4907 5; baseline 0 0"><span class='ocrx_word' id='word_1_200' title='bbox 4384 0 4907 5; x_wconf 95' lang='lat' dir='ltr'> </span> 
     </span>
    </p>
   </div>
  </div>
 </body>
</html>
