5034 6400
2136 1281 2957 1386 PAPYRUM
3045 1281 3748 1391 XXXIV.tm

2750 1700 2831 1767 N.
2881 1703 3108 1768 80-81.

1566 1879 2011 1964 Fragmentum
2057 1877 2295 1945 litteris
2341 1878 2827 1964 hieroglyphicis
2875 1881 2940 1945 et
2968 1879 3188 1965 figuris
3218 1879 3396 1965 nigro
3427 1879 3628 1946 colore
3660 1881 3724 1948 et
3751 1881 3983 1964 partim
4014 1880 4198 1947 rubro
4229 1878 4494 1964 depictis

1387 1989 1782 2060 illustratum
1826 1991 2149 2064 continens
2193 1992 2439 2075 partem
2483 1990 2638 2057 libri
2685 2010 2822 2075 per
2867 2010 2980 2058 em
3028 1990 3238 2058 beru}
3288 1990 3530 2059 Nomen
3577 1991 3857 2059 defuncti
3902 2012 4022 2059 non
4068 1993 4344 2077 adparet.

1569 2172 1673 2236 80.
1723 2170 1875 2235 Pars
1924 2169 2203 2252 superior
2246 2168 2505 2236 tabulae
2552 2169 2819 2254 capituli
2867 2169 3122 2236 CXXV.
3155 2169 3451 2254 Superest
3479 2173 3730 2237 tantum
3760 2173 4012 2239 ornatus
4043 2190 4297 2239 coronae
4329 2171 4495 2238 aedi-

1392 2280 1523 2346 ficii
1568 2299 1679 2345 seu
1724 2279 1906 2346 aulae
1953 2280 2019 2345 in
2065 2298 2187 2362 qua
2234 2279 2433 2347 Osiris
2481 2281 2724 2347 animas
2779 2280 3209 2347 defunctorum
3253 2278 3519 2363 jndicat.
3576 2280 3678 2347 Ad
3733 2279 4047 2350 dexteram
4099 2280 4496 2365 conjunctum

1390 2394 1486 2460 est
1531 2411 1791 2477 parvum
1835 2389 2256 2477 fragmentum
2302 2391 2565 2475 capituli
2613 2390 2876 2458 CXLVI
2923 2409 3114 2475 prop)r
3126 2390 3404 2457 laeorum
3452 2391 3740 2458 Osiridis.

1570 2575 1673 2640 81.
1724 2573 2172 2659 Fragmentum
2218 2571 2393 2638 aliud
2427 2570 2706 2657 ejusdem
2737 2570 3004 2655 capituli
3038 2570 3319 2638 CXLVI.
3357 2571 3657 2657 Dignosci
3686 2573 3895 2656 potest
3923 2571 4143 2637 tabula
4175 2574 4241 2638 et
4270 2571 4495 2637 titulus

1390 2685 1707 2770 propylaei
1753 2685 1898 2751 noni
1943 2704 2087 2750 cum
2132 2684 2570 2769 inscriptione:

1933 2816 1973 2970 β
1999 2817 2074 2971 j
2103 2824 2172 2963 ἓ
2208 2815 2310 2970 ἦ
2337 2821 2442 2969 [Ξ]
2528 2819 2644 2967 Ι11111111
2894 2812 2998 2968 ‘ss-
3218 2812 3369 2959 ffi
3450 2827 3601 2947 ἵ
3678 2814 3731 2967 Ἰ
3758 2813 3978 2967 ΡΞ

1907 2997 2198 3079 sebext
2493 2998 2692 3079 paut
2950 2998 3065 3059 am
3219 2992 3360 3069 hat
3408 2994 3604 3060 nebt
3717 3012 3911 3060 user

1959 3114 2164 3193 porta
2499 3127 2672 3173 nona
2717 3126 2884 3193 quae
2931 3112 3024 3172 est
3069 3109 3142 3173 in
3184 3107 3411 3192 fronte
3458 3103 3758 3174 dominae
3801 3106 4250 3192 fortitudinia.

2205 3921 3014 4083 PAPYRUM
3094 3918 3704 4026 XXXV3¹¹¹

2832 4345 2912 4411 N.
2963 4347 3069 4412 82.

1579 4529 2031 4621 Fragmentum
2073 4527 2308 4594 litteris
2356 4526 2686 4594 demoticis
2733 4526 3005 4611 quinque
3058 4526 3247 4594 lineis
3306 4527 3797 4594 horizontalibus
3857 4529 4162 4594 constans.
4213 4526 4504 4593 Continet

1401 4660 1664 4726 parvum
1709 4642 1950 4707 textum
1996 4639 2459 4723 stipulationis:
2508 4639 2576 4705 in
2621 4639 2755 4719 hoc,
2794 4637 2979 4722 juxta
3025 4640 3382 4726 catalogum
3413 4639 3919 4724 champollionii,
3944 4639 4180 4725 legitur
4208 4638 4504 4704 indicatio

1403 4751 1834 4838 chronologica
1878 4751 2025 4817 anni
2070 4750 2388 4817 undecimi
2435 4749 2704 4835 alicujus
2752 4769 2930 4816 aerae
2978 4752 3042 4816 et
3084 4750 3324 4836 primae
3370 4751 3498 4818 diei
3541 4751 3774 4819 mensis
3822 4749 4015 4836 Cojak
4046 4749 4148 4839 (¹).

1567 4992 1636 5063 (¹)
1674 4990 1846 5048 Catal.
1886 4990 2109 5062 Champ.
2147 5009 2271 5063 pag.
2310 4992 2377 5047 25
2416 4990 2549 5048 Tab.
2588 4991 2695 5047 XII
2731 4993 2848 5047 lett.
2886 4992 2949 5046 B.
