5034 6400
2776 582 3171 645 —132—

2175 931 2988 1036 PAPYRUM
3098 932 3851 1041 LXXVII.UM

2835 1331 2913 1397 N.
2971 1333 3116 1398 130.

2501 1509 2586 1578 (In
2625 1527 2815 1566 aversa
2850 1514 3001 1580 parte
3038 1511 3446 1582 praecedent-is).

1598 1690 1914 1774 Papyrum
1956 1708 2247 1775 graecum
2302 1689 2626 1757 continens
2677 1689 2871 1754 aliam
2920 1688 3252 1772 epistolam
3312 1688 3663 1773 supplicem
3711 1689 3999 1772 ejusdem
4046 1688 4393 1756 Ptolomaei
4463 1693 4528 1756 et

1417 1799 1622 1866 eidem
1667 1801 1802 1885 regi
1862 1798 2160 1882 scriptam
2221 1798 2461 1866 duobus
2525 1798 2849 1866 laterculis
2911 1803 3247 1867 exaratam.
3298 1799 3373 1865 In
3431 1800 3698 1884 epistola
3757 1802 3968 1887 agitur
4037 1801 4116 1869 de
4180 1801 4395 1868 eadem
4442 1823 4526 1867 re.

1425 1912 1660 1995 Incipit
1707 1910 2094 1993 Αδικοῦμαιτ
2144 1910 2404 1995 explicit
2448 1931 2591 1977 cum
2639 1912 2855 1978 eadem
2900 1912 3280 1979 salutatione
3325 1935 3668 1994 ευτυχειτε.

1595 2024 1855 2089 Editum
1902 2024 2026 2089 fuit
2072 2023 2152 2090 ab
2199 2024 2441 2110 Angelo
2488 2023 2661 2107 Majo
2706 2024 2781 2111 (1.
2830 2044 2883 2091 c.
2933 2044 3074 2111 pag.
3124 2024 3303 2106 356).

2036 2542 2848 2646 PAPYRUM
2955 2542 3900 2650 LXXVIII.⁰¹¹<¹)

2820 2944 2898 3010 N.
2954 2947 3098 3010 131.

1586 3167 1897 3252 Papyrum
1940 3187 2232 3255 graecum
2279 3168 2600 3235 continens
2650 3166 2985 3252 epistolam
3032 3167 3311 3252 ejusdem
3361 3168 3440 3235 ad
3474 3165 3869 3251 Serapionem
3917 3171 3993 3237 de
4060 3171 4276 3238 eodem
4331 3190 4514 3258 argu-

1406 3283 1633 3346 mento.
1685 3279 1917 3363 Incipit
1960 3283 2346 3363 Σαραπιωνι
2392 3302 2524 3343 των
2572 3279 2898 3359 διαδοχων
2927 3328 3119 3345 .....
3171 3279 3450 3363 Explicit
3495 3301 3750 3367 ευτυχη.

2175 3784 2988 3887 PAPYRUM
3099 3783 3760 3888 LXXIX.tm

2824 4185 2902 4250 N.
2958 4187 3104 4251 132.

1588 4369 1903 4452 Papyrum
1945 4383 2239 4450 graecum
2284 4365 2605 4431 continens
2654 4364 2850 4431 aliam
2898 4367 3229 4449 epistolam
3287 4366 3570 4450 ejusdem
3614 4367 3695 4434 ad
3752 4369 4040 4435 eumdem
4085 4366 4504 4450 Serapionem.

1404 4478 1642 4562 Incipit
1683 4481 2070 4559 Σαραπιωνι
2116 4496 2249 4539 των
2296 4474 2623 4556 διαδοχων
2645 4523 2837 4541 .....
2872 4477 3151 4560 Explicit
3196 4498 3452 4564 ευτυχη.

1567 4746 1635 4814 (¹)
1675 4746 1792 4802 Hoc
1817 4764 2078 4819 papyrum
2105 4752 2159 4803 et
2183 4763 2320 4817 qnae
2358 4753 2658 4818 sequuntur
2693 4766 2725 4803 a
2763 4746 2831 4802 N.
2884 4748 2980 4803 131
3012 4749 3080 4805 ad
3111 4750 3213 4805 134
3238 4750 3519 4820 recognita
3556 4748 3775 4806 fuerunt
3801 4769 3833 4806 a
3867 4751 3983 4806 viro
4022 4752 4327 4808 clarissimo
4365 4754 4521 4809 Joee·

1396 4840 1504 4911 pho
1532 4838 1703 4896 Cozza
1737 4837 2140 4897 bibliothecarii
2166 4840 2309 4898 sedis
2335 4843 2667 4913 apostolicae
2695 4842 2841 4897 vices
2867 4848 3084 4913 gerente
3123 4848 3178 4899 et
3212 4860 3353 4900 nunc
3393 4849 3519 4900 snut
3559 4844 3702 4901 inter
3726 4842 3937 4901 codices
3975 4846 4254 4902 vaticanos
4293 4863 4521 4919 graecos

1394 4933 1492 4988 sub
1533 4933 1598 4988 N.
1639 4934 1795 4989 2289.

4996 1983 5005 2092 „m
5006 1937 5007 1964 ᾼ
4996 1757 5007 1918 ᾼ--ᾼ-
4994 1431 5007 1746 ᾼ--ᾼ-Ρὴ
4996 1251 5007 1406 ,ῌᾼᾼ
5002 1195 5003 1206 Α.
