<?xml version="1.0" encoding="UTF-8"?>
<!DOCTYPE html PUBLIC "-//W3C//DTD XHTML 1.0 Transitional//EN"
    "http://www.w3.org/TR/xhtml1/DTD/xhtml1-transitional.dtd">
<html xmlns="http://www.w3.org/1999/xhtml" xml:lang="en" lang="en">
 <head>
  <title>
</title>
<meta http-equiv="Content-Type" content="text/html;charset=utf-8" />
  <meta name='ocr-system' content='tesseract 3.04.00' />
  <meta name='ocr-capabilities' content='ocr_page ocr_carea ocr_par ocr_line ocrx_word'/>
</head>
<body>
  <div class='ocr_page' id='page_1' title='image "./monumentapapyra00biblgoog_0143.png"; bbox 0 0 5034 6400; ppageno 0'>
   <div class='ocr_carea' id='block_1_1' title="bbox 1841 590 2238 654">
    <p class='ocr_par' dir='ltr' id='par_1_1' title="bbox 1841 590 2238 654">
     <span class='ocr_line' id='line_1_1' title="bbox 1841 590 2238 654; baseline -0.005 0"><span class='ocrx_word' id='word_1_1' title='bbox 1841 590 2238 654; x_wconf 81' lang='lat'>-131—</span> 
     </span>
    </p>
   </div>
   <div class='ocr_carea' id='block_1_2' title="bbox 1222 943 2802 1049">
    <p class='ocr_par' dir='ltr' id='par_1_2' title="bbox 1222 943 2802 1049">
     <span class='ocr_line' id='line_1_2' title="bbox 1222 943 2802 1049; baseline 0 0"><span class='ocrx_word' id='word_1_2' title='bbox 1222 945 2025 1049; x_wconf 84' lang='lat' dir='ltr'><strong>PAPYRUM</strong></span> <span class='ocrx_word' id='word_1_3' title='bbox 2134 943 2802 1049; x_wconf 78' lang='lat' dir='ltr'><strong>LXXIV.¹m</strong></span> 
     </span>
    </p>
   </div>
   <div class='ocr_carea' id='block_1_3' title="bbox 1786 1167 2311 1178">
    <p class='ocr_par' dir='ltr' id='par_1_3' title="bbox 1786 1167 2311 1178">
     <span class='ocr_line' id='line_1_3' title="bbox 1786 1167 2311 1178; baseline 0 0"><span class='ocrx_word' id='word_1_4' title='bbox 1786 1167 2311 1178; x_wconf 95' lang='lat' dir='ltr'><strong> </strong></span> 
     </span>
    </p>
   </div>
   <div class='ocr_carea' id='block_1_4' title="bbox 1919 1369 2196 1434">
    <p class='ocr_par' dir='ltr' id='par_1_4' title="bbox 1919 1369 2196 1434">
     <span class='ocr_line' id='line_1_4' title="bbox 1919 1369 2196 1434; baseline 0.004 -1"><span class='ocrx_word' id='word_1_5' title='bbox 1919 1369 1995 1433; x_wconf 89' lang='lat' dir='ltr'><strong>N.</strong></span> <span class='ocrx_word' id='word_1_6' title='bbox 2051 1370 2196 1434; x_wconf 86' lang='lat'><strong>127.</strong></span> 
     </span>
    </p>
   </div>
   <div class='ocr_carea' id='block_1_5' title="bbox 497 1547 3605 1742">
    <p class='ocr_par' dir='ltr' id='par_1_5' title="bbox 497 1547 3605 1742">
     <span class='ocr_line' id='line_1_5' title="bbox 676 1547 3605 1634; baseline 0 -21"><span class='ocrx_word' id='word_1_7' title='bbox 676 1549 948 1614; x_wconf 82' lang='lat' dir='ltr'><strong>Parvum</strong></span> <span class='ocrx_word' id='word_1_8' title='bbox 1007 1548 1428 1634; x_wconf 82' lang='lat' dir='ltr'><strong>fragmentum</strong></span> <span class='ocrx_word' id='word_1_9' title='bbox 1481 1548 1808 1615; x_wconf 89' lang='lat' dir='ltr'><strong>continens</strong></span> <span class='ocrx_word' id='word_1_10' title='bbox 1862 1567 2090 1631; x_wconf 88' lang='lat' dir='ltr'><strong>paucas</strong></span> <span class='ocrx_word' id='word_1_11' title='bbox 2135 1547 2382 1614; x_wconf 78' lang='lat' dir='ltr'><strong>litteras</strong></span> <span class='ocrx_word' id='word_1_12' title='bbox 2429 1549 2704 1630; x_wconf 88' lang='lat' dir='ltr'><strong>copticas</strong></span> <span class='ocrx_word' id='word_1_13' title='bbox 2752 1567 2823 1614; x_wconf 84' lang='lat' dir='ltr'><strong>ex</strong></span> <span class='ocrx_word' id='word_1_14' title='bbox 2877 1549 3103 1630; x_wconf 88' lang='lat' dir='ltr'><strong>quibus</strong></span> <span class='ocrx_word' id='word_1_15' title='bbox 3164 1549 3330 1614; x_wconf 86' lang='lat' dir='ltr'>nihil</span> <span class='ocrx_word' id='word_1_16' title='bbox 3388 1548 3605 1634; x_wconf 75' lang='lat' dir='ltr'>colligi</span> 
     </span>
     <span class='ocr_line' id='line_1_6' title="bbox 497 1663 722 1742; baseline -0.009 -18"><span class='ocrx_word' id='word_1_17' title='bbox 497 1663 722 1742; x_wconf 84' lang='lat' dir='ltr'><strong>potest.</strong></span> 
     </span>
    </p>
   </div>
   <div class='ocr_carea' id='block_1_6' title="bbox 1251 2155 2861 2261">
    <p class='ocr_par' dir='ltr' id='par_1_6' title="bbox 1251 2155 2861 2261">
     <span class='ocr_line' id='line_1_7' title="bbox 1251 2155 2861 2261; baseline 0.002 -3"><span class='ocrx_word' id='word_1_18' title='bbox 1251 2157 2059 2261; x_wconf 84' lang='lat' dir='ltr'><strong>PAPYRUM</strong></span> <span class='ocrx_word' id='word_1_19' title='bbox 2158 2155 2861 2261; x_wconf 76' lang='lat' dir='ltr'><strong>Lxxv.⁰¹¹&lt;¹)</strong></span> 
     </span>
    </p>
   </div>
   <div class='ocr_carea' id='block_1_7' title="bbox 1797 2356 2324 2364">
    <p class='ocr_par' dir='ltr' id='par_1_7' title="bbox 1797 2356 2324 2364">
     <span class='ocr_line' id='line_1_8' title="bbox 1797 2356 2324 2364; baseline 0 4036"><span class='ocrx_word' id='word_1_20' title='bbox 1797 2356 2324 2364; x_wconf 95' lang='lat' dir='ltr'><strong> </strong></span> 
     </span>
    </p>
   </div>
   <div class='ocr_carea' id='block_1_8' title="bbox 1920 2555 2199 2620">
    <p class='ocr_par' dir='ltr' id='par_1_8' title="bbox 1920 2555 2199 2620">
     <span class='ocr_line' id='line_1_9' title="bbox 1920 2555 2199 2620; baseline -0.004 0"><span class='ocrx_word' id='word_1_21' title='bbox 1920 2555 1998 2620; x_wconf 91' lang='lat' dir='ltr'><strong>N.</strong></span> <span class='ocrx_word' id='word_1_22' title='bbox 2054 2557 2199 2620; x_wconf 78' lang='lat'><strong>128.</strong></span> 
     </span>
    </p>
   </div>
   <div class='ocr_carea' id='block_1_9' title="bbox 505 2727 3610 2932">
    <p class='ocr_par' dir='ltr' id='par_1_9' title="bbox 505 2727 3610 2932">
     <span class='ocr_line' id='line_1_10' title="bbox 678 2727 3610 2820; baseline 0.001 -20"><span class='ocrx_word' id='word_1_23' title='bbox 678 2736 923 2802; x_wconf 86' lang='lat' dir='ltr'><strong>Tabula</strong></span> <span class='ocrx_word' id='word_1_24' title='bbox 969 2737 1288 2801; x_wconf 88' lang='lat' dir='ltr'><strong>continens</strong></span> <span class='ocrx_word' id='word_1_25' title='bbox 1335 2736 1550 2802; x_wconf 84' lang='lat' dir='ltr'><strong>decem</strong></span> <span class='ocrx_word' id='word_1_26' title='bbox 1594 2753 1788 2818; x_wconf 84' lang='lat' dir='ltr'><strong>parva</strong></span> <span class='ocrx_word' id='word_1_27' title='bbox 1833 2733 2184 2820; x_wconf 86' lang='lat' dir='ltr'><strong>fragmenta</strong></span> <span class='ocrx_word' id='word_1_28' title='bbox 2207 2727 2468 2818; x_wconf 79' lang='lat' dir='ltr'><strong>co&#39;pticis</strong></span> <span class='ocrx_word' id='word_1_29' title='bbox 2513 2734 2751 2801; x_wconf 90' lang='lat' dir='ltr'><strong>litteris</strong></span> <span class='ocrx_word' id='word_1_30' title='bbox 2796 2738 3158 2804; x_wconf 80' lang='lat' dir='ltr'><strong>recentioris</strong></span> <span class='ocrx_word' id='word_1_31' title='bbox 3205 2739 3454 2803; x_wconf 88' lang='lat' dir='ltr'><strong>aetatis.</strong></span> <span class='ocrx_word' id='word_1_32' title='bbox 3505 2737 3610 2802; x_wconf 90' lang='lat' dir='ltr'><strong>In-</strong></span> 
     </span>
     <span class='ocr_line' id='line_1_11' title="bbox 505 2846 2166 2932; baseline -0.002 -19"><span class='ocrx_word' id='word_1_33' title='bbox 505 2851 652 2913; x_wconf 89' lang='lat' dir='ltr'><strong>sunt</strong></span> <span class='ocrx_word' id='word_1_34' title='bbox 697 2847 892 2915; x_wconf 81' lang='lat' dir='ltr'><strong>etiam</strong></span> <span class='ocrx_word' id='word_1_35' title='bbox 937 2866 1130 2931; x_wconf 83' lang='lat' dir='ltr'><strong>parva</strong></span> <span class='ocrx_word' id='word_1_36' title='bbox 1175 2846 1482 2929; x_wconf 84' lang='lat' dir='ltr'><strong>quaedam</strong></span> <span class='ocrx_word' id='word_1_37' title='bbox 1530 2846 1883 2931; x_wconf 84' lang='lat' dir='ltr'><strong>fragmenta</strong></span> <span class='ocrx_word' id='word_1_38' title='bbox 1927 2865 2166 2932; x_wconf 84' lang='lat' dir='ltr'><strong>graeca.</strong></span> 
     </span>
    </p>
   </div>
   <div class='ocr_carea' id='block_1_10' title="bbox 1227 3292 2916 3400">
    <p class='ocr_par' dir='ltr' id='par_1_10' title="bbox 1227 3292 2916 3400">
     <span class='ocr_line' id='line_1_12' title="bbox 1227 3292 2916 3400; baseline -0.008 -2"><span class='ocrx_word' id='word_1_39' title='bbox 1227 3296 2034 3400; x_wconf 84' lang='lat' dir='ltr'><strong>PAPYRUM</strong></span> <span class='ocrx_word' id='word_1_40' title='bbox 2116 3292 2782 3400; x_wconf 51' lang='grc' dir='ltr'><strong>ΙΛΧΧῩῙΙ.ΠΜ</strong></span> <span class='ocrx_word' id='word_1_41' title='bbox 2831 3296 2916 3384; x_wconf 83' lang='lat'><strong>(²)</strong></span> 
     </span>
    </p>
   </div>
   <div class='ocr_carea' id='block_1_11' title="bbox 1807 3495 2336 3507">
    <p class='ocr_par' dir='ltr' id='par_1_11' title="bbox 1807 3495 2336 3507">
     <span class='ocr_line' id='line_1_13' title="bbox 1807 3495 2336 3507; baseline 0 2893"><span class='ocrx_word' id='word_1_42' title='bbox 1807 3495 2336 3507; x_wconf 95' lang='lat' dir='ltr'><strong> </strong></span> 
     </span>
    </p>
   </div>
   <div class='ocr_carea' id='block_1_12' title="bbox 1927 3672 2205 3739">
    <p class='ocr_par' dir='ltr' id='par_1_12' title="bbox 1927 3672 2205 3739">
     <span class='ocr_line' id='line_1_14' title="bbox 1927 3672 2205 3739; baseline 0.007 -2"><span class='ocrx_word' id='word_1_43' title='bbox 1927 3672 2004 3738; x_wconf 88' lang='lat' dir='ltr'><strong>N.</strong></span> <span class='ocrx_word' id='word_1_44' title='bbox 2059 3674 2205 3739; x_wconf 91' lang='grc'><strong>129.</strong></span> 
     </span>
    </p>
   </div>
   <div class='ocr_carea' id='block_1_13' title="bbox 513 3851 3625 4609">
    <p class='ocr_par' dir='ltr' id='par_1_13' title="bbox 513 3851 3625 4496">
     <span class='ocr_line' id='line_1_15' title="bbox 694 3851 3620 3937; baseline -0 -20"><span class='ocrx_word' id='word_1_45' title='bbox 694 3853 1006 3937; x_wconf 79' lang='lat' dir='ltr'><strong>Papyrum</strong></span> <span class='ocrx_word' id='word_1_46' title='bbox 1050 3870 1341 3937; x_wconf 85' lang='lat' dir='ltr'><strong>graecum</strong></span> <span class='ocrx_word' id='word_1_47' title='bbox 1391 3852 1620 3918; x_wconf 86' lang='lat' dir='ltr'><strong>aetatis</strong></span> <span class='ocrx_word' id='word_1_48' title='bbox 1681 3852 2097 3936; x_wconf 78' lang='lat' dir='ltr'><strong>ptolemaicae</strong></span> <span class='ocrx_word' id='word_1_49' title='bbox 2143 3853 2465 3920; x_wconf 90' lang='lat' dir='ltr'><strong>continens</strong></span> <span class='ocrx_word' id='word_1_50' title='bbox 2512 3851 2846 3935; x_wconf 85' lang='lat' dir='ltr'><strong>epistolam</strong></span> <span class='ocrx_word' id='word_1_51' title='bbox 2892 3852 3241 3936; x_wconf 78' lang='lat' dir='ltr'><strong>supplicem</strong></span> <span class='ocrx_word' id='word_1_52' title='bbox 3297 3851 3620 3935; x_wconf 87' lang='lat' dir='ltr'><strong>cujusdam</strong></span> 
     </span>
     <span class='ocr_line' id='line_1_16' title="bbox 513 3963 3624 4052; baseline 0 -23"><span class='ocrx_word' id='word_1_53' title='bbox 513 3963 868 4030; x_wconf 89' lang='lat' dir='ltr'><strong>Ptolomaei</strong></span> <span class='ocrx_word' id='word_1_54' title='bbox 897 3963 1016 4030; x_wconf 89' lang='lat' dir='ltr'><strong>filii</strong></span> <span class='ocrx_word' id='word_1_55' title='bbox 1052 3963 1356 4031; x_wconf 82' lang='lat' dir='ltr'><strong>Glauciae</strong></span> <span class='ocrx_word' id='word_1_56' title='bbox 1404 3963 1484 4030; x_wconf 89' lang='lat' dir='ltr'><strong>ad</strong></span> <span class='ocrx_word' id='word_1_57' title='bbox 1526 3983 1737 4050; x_wconf 87' lang='lat' dir='ltr'><strong>regem</strong></span> <span class='ocrx_word' id='word_1_58' title='bbox 1773 3963 2211 4031; x_wconf 91' lang='lat' dir='ltr'><strong>Ptolomaeum</strong></span> <span class='ocrx_word' id='word_1_59' title='bbox 2257 3964 2747 4032; x_wconf 88' lang='lat' dir='ltr'><strong>Philometorem</strong></span> <span class='ocrx_word' id='word_1_60' title='bbox 2804 3967 2869 4032; x_wconf 90' lang='lat' dir='ltr'><strong>et</strong></span> <span class='ocrx_word' id='word_1_61' title='bbox 2900 3965 3178 4052; x_wconf 84' lang='lat' dir='ltr'><strong>reginam</strong></span> <span class='ocrx_word' id='word_1_62' title='bbox 3227 3963 3624 4048; x_wconf 84' lang='lat' dir='ltr'><strong>Cleopatram</strong></span> 
     </span>
     <span class='ocr_line' id='line_1_17' title="bbox 516 4073 3616 4162; baseline 0 -23"><span class='ocrx_word' id='word_1_63' title='bbox 516 4092 658 4139; x_wconf 90' lang='lat' dir='ltr'><strong>cum</strong></span> <span class='ocrx_word' id='word_1_64' title='bbox 702 4073 1081 4142; x_wconf 85' lang='lat' dir='ltr'><strong>indicatione</strong></span> <span class='ocrx_word' id='word_1_65' title='bbox 1129 4077 1281 4142; x_wconf 90' lang='lat' dir='ltr'><strong>anni</strong></span> <span class='ocrx_word' id='word_1_66' title='bbox 1327 4076 1487 4142; x_wconf 90' lang='lat' dir='ltr'><strong>XIX</strong></span> <span class='ocrx_word' id='word_1_67' title='bbox 1532 4077 1709 4162; x_wconf 85' lang='lat' dir='ltr'><strong>regni</strong></span> <span class='ocrx_word' id='word_1_68' title='bbox 1756 4077 2003 4144; x_wconf 87' lang='lat' dir='ltr'><strong>scilicet</strong></span> <span class='ocrx_word' id='word_1_69' title='bbox 2048 4079 2197 4143; x_wconf 91' lang='lat' dir='ltr'><strong>anni</strong></span> <span class='ocrx_word' id='word_1_70' title='bbox 2245 4075 2515 4144; x_wconf 81' lang='lat' dir='ltr'>CLXIII</span> <span class='ocrx_word' id='word_1_71' title='bbox 2580 4079 2726 4143; x_wconf 90' lang='lat' dir='ltr'><strong>ante</strong></span> <span class='ocrx_word' id='word_1_72' title='bbox 2787 4076 3129 4144; x_wconf 83' lang='lat' dir='ltr'><strong>Christum.</strong></span> <span class='ocrx_word' id='word_1_73' title='bbox 3193 4076 3269 4141; x_wconf 91' lang='lat' dir='ltr'><strong>In</strong></span> <span class='ocrx_word' id='word_1_74' title='bbox 3330 4074 3616 4159; x_wconf 88' lang='lat' dir='ltr'><strong>epistola,</strong></span> 
     </span>
     <span class='ocr_line' id='line_1_18' title="bbox 518 4185 3623 4272; baseline 0.001 -23"><span class='ocrx_word' id='word_1_75' title='bbox 518 4185 717 4252; x_wconf 86' lang='lat' dir='ltr'><strong>tribus</strong></span> <span class='ocrx_word' id='word_1_76' title='bbox 763 4185 1089 4253; x_wconf 90' lang='lat' dir='ltr'><strong>laterculis</strong></span> <span class='ocrx_word' id='word_1_77' title='bbox 1138 4190 1407 4265; x_wconf 79' lang='lat' dir='ltr'><strong>exarata,</strong></span> <span class='ocrx_word' id='word_1_78' title='bbox 1466 4188 1791 4271; x_wconf 88' lang='lat' dir='ltr'><strong>quaeritur</strong></span> <span class='ocrx_word' id='word_1_79' title='bbox 1853 4189 2146 4271; x_wconf 57' lang='lat' dir='ltr'><strong>scriptor„</strong></span> <span class='ocrx_word' id='word_1_80' title='bbox 2178 4188 2254 4254; x_wconf 88' lang='lat' dir='ltr'><strong>de</strong></span> <span class='ocrx_word' id='word_1_81' title='bbox 2310 4187 2849 4271; x_wconf 85' lang='lat' dir='ltr'><strong>persecutionibus</strong></span> <span class='ocrx_word' id='word_1_82' title='bbox 2908 4207 3065 4271; x_wconf 88' lang='lat' dir='ltr'><strong>quae</strong></span> <span class='ocrx_word' id='word_1_83' title='bbox 3125 4187 3482 4272; x_wconf 87' lang='lat' dir='ltr'><strong>patiebatur</strong></span> <span class='ocrx_word' id='word_1_84' title='bbox 3541 4187 3623 4252; x_wconf 89' lang='lat' dir='ltr'><strong>ab</strong></span> 
     </span>
     <span class='ocr_line' id='line_1_19' title="bbox 516 4296 3625 4385; baseline 0 -22"><span class='ocrx_word' id='word_1_85' title='bbox 516 4296 843 4385; x_wconf 79' lang='lat' dir='ltr'><strong>Aegyptiis</strong></span> <span class='ocrx_word' id='word_1_86' title='bbox 889 4298 953 4364; x_wconf 91' lang='lat' dir='ltr'><strong>in</strong></span> <span class='ocrx_word' id='word_1_87' title='bbox 1002 4296 1267 4383; x_wconf 85' lang='lat' dir='ltr'><strong>Serapeo</strong></span> <span class='ocrx_word' id='word_1_88' title='bbox 1314 4299 1479 4383; x_wconf 87' lang='lat' dir='ltr'><strong>apud</strong></span> <span class='ocrx_word' id='word_1_89' title='bbox 1525 4298 1879 4383; x_wconf 87' lang='lat' dir='ltr'><strong>Memphim</strong></span> <span class='ocrx_word' id='word_1_90' title='bbox 1927 4300 2039 4366; x_wconf 92' lang='lat' dir='ltr'><strong>ubi</strong></span> <span class='ocrx_word' id='word_1_91' title='bbox 2101 4301 2235 4384; x_wconf 89' lang='lat' dir='ltr'><strong>ipse</strong></span> <span class='ocrx_word' id='word_1_92' title='bbox 2282 4298 2570 4385; x_wconf 86' lang='lat' dir='ltr'><strong>degebat,</strong></span> <span class='ocrx_word' id='word_1_93' title='bbox 2622 4317 2691 4365; x_wconf 88' lang='lat' dir='ltr'><strong>eo</strong></span> <span class='ocrx_word' id='word_1_94' title='bbox 2738 4298 2904 4382; x_wconf 86' lang='lat' dir='ltr'><strong>quod</strong></span> <span class='ocrx_word' id='word_1_95' title='bbox 2965 4299 3237 4367; x_wconf 82' lang='lat' dir='ltr'><strong>Graecus</strong></span> <span class='ocrx_word' id='word_1_96' title='bbox 3305 4302 3489 4365; x_wconf 89' lang='lat' dir='ltr'><strong>esset.</strong></span> <span class='ocrx_word' id='word_1_97' title='bbox 3535 4333 3625 4346; x_wconf 88' lang='lat'><em>—</em></span> 
     </span>
     <span class='ocr_line' id='line_1_20' title="bbox 518 4408 3555 4496; baseline -0.001 -17"><span class='ocrx_word' id='word_1_98' title='bbox 518 4412 750 4495; x_wconf 76' lang='lat' dir='ltr'><strong>Incipit</strong></span> <span class='ocrx_word' id='word_1_99' title='bbox 770 4415 1158 4494; x_wconf 78' lang='grc' dir='ltr'><strong><em>Αναβαντου</em></strong></span> <span class='ocrx_word' id='word_1_100' title='bbox 1184 4410 1304 4476; x_wconf 84' lang='grc' dir='ltr'><strong>σοῦ</strong></span> <span class='ocrx_word' id='word_1_101' title='bbox 1328 4433 1417 4486; x_wconf 84' lang='grc' dir='ltr'><strong>εις</strong></span> <span class='ocrx_word' id='word_1_102' title='bbox 1446 4408 1521 4474; x_wconf 78' lang='grc' dir='ltr'><strong>τὸ</strong></span> <span class='ocrx_word' id='word_1_103' title='bbox 1553 4414 1935 4496; x_wconf 55' lang='lat' dir='ltr'><strong>Rapum-*mv</strong></span> <span class='ocrx_word' id='word_1_104' title='bbox 1963 4461 1978 4476; x_wconf 98' lang='lat'><strong>.</strong></span> <span class='ocrx_word' id='word_1_105' title='bbox 2010 4462 2023 4476; x_wconf 94' lang='lat'><strong>.</strong></span> <span class='ocrx_word' id='word_1_106' title='bbox 2052 4462 2066 4477; x_wconf 97' lang='lat'><strong>.</strong></span> <span class='ocrx_word' id='word_1_107' title='bbox 2097 4462 2110 4476; x_wconf 96' lang='lat'><strong>.</strong></span> <span class='ocrx_word' id='word_1_108' title='bbox 2153 4440 2177 4468; x_wconf 74' lang='grc' dir='ltr'>κ</span> <span class='ocrx_word' id='word_1_109' title='bbox 2207 4411 2485 4494; x_wconf 83' lang='lat' dir='ltr'><strong>Explicit</strong></span> <span class='ocrx_word' id='word_1_110' title='bbox 2515 4431 2657 4477; x_wconf 84' lang='lat' dir='ltr'><strong>cum</strong></span> <span class='ocrx_word' id='word_1_111' title='bbox 2693 4410 3074 4478; x_wconf 78' lang='lat' dir='ltr'><strong>salutatione</strong></span> <span class='ocrx_word' id='word_1_112' title='bbox 3101 4438 3126 4467; x_wconf 72' lang='lat' dir='ltr'>n</span> <span class='ocrx_word' id='word_1_113' title='bbox 3161 4433 3175 4475; x_wconf 90' lang='lat'>:</span> <span class='ocrx_word' id='word_1_114' title='bbox 3210 4433 3555 4491; x_wconf 78' lang='grc' dir='ltr'><strong><em>ευτυχειτε.</em></strong></span> 
     </span>
    </p>

    <p class='ocr_par' dir='ltr' id='par_1_14' title="bbox 695 4521 3620 4609">
     <span class='ocr_line' id='line_1_21' title="bbox 695 4521 3620 4609; baseline -0.001 -20"><span class='ocrx_word' id='word_1_115' title='bbox 695 4523 953 4589; x_wconf 82' lang='lat' dir='ltr'><strong>Editum</strong></span> <span class='ocrx_word' id='word_1_116' title='bbox 977 4522 1101 4589; x_wconf 89' lang='lat' dir='ltr'><strong>fuit</strong></span> <span class='ocrx_word' id='word_1_117' title='bbox 1123 4523 1203 4589; x_wconf 88' lang='lat' dir='ltr'><strong>ab</strong></span> <span class='ocrx_word' id='word_1_118' title='bbox 1234 4522 1478 4609; x_wconf 87' lang='lat' dir='ltr'><strong>Angelo</strong></span> <span class='ocrx_word' id='word_1_119' title='bbox 1511 4522 1686 4606; x_wconf 87' lang='lat' dir='ltr'><strong>Majo</strong></span> <span class='ocrx_word' id='word_1_120' title='bbox 1718 4523 1783 4588; x_wconf 91' lang='lat' dir='ltr'><strong>in</strong></span> <span class='ocrx_word' id='word_1_121' title='bbox 1808 4542 1920 4590; x_wconf 88' lang='lat' dir='ltr'><strong>suo</strong></span> <span class='ocrx_word' id='word_1_122' title='bbox 1950 4543 2134 4607; x_wconf 88' lang='lat' dir='ltr'><strong>opere</strong></span> <span class='ocrx_word' id='word_1_123' title='bbox 2171 4523 2486 4592; x_wconf 73' lang='lat' dir='ltr'><strong>«Classici</strong></span> <span class='ocrx_word' id='word_1_124' title='bbox 2507 4531 2804 4591; x_wconf 75' lang='lat' dir='ltr'><strong>auctores</strong></span> <span class='ocrx_word' id='word_1_125' title='bbox 2831 4550 2856 4579; x_wconf 69' lang='lat' dir='ltr'>n</span> <span class='ocrx_word' id='word_1_126' title='bbox 2878 4575 2893 4590; x_wconf 98' lang='lat'><strong>.</strong></span> <span class='ocrx_word' id='word_1_127' title='bbox 2918 4524 3110 4590; x_wconf 86' lang='lat' dir='ltr'><strong>Tomo</strong></span> <span class='ocrx_word' id='word_1_128' title='bbox 3136 4522 3222 4587; x_wconf 85' lang='lat' dir='ltr'><strong>V⁰</strong></span> <span class='ocrx_word' id='word_1_129' title='bbox 3252 4542 3312 4606; x_wconf 94' lang='lat' dir='ltr'><strong>p.</strong></span> <span class='ocrx_word' id='word_1_130' title='bbox 3348 4524 3480 4589; x_wconf 83' lang='lat'><strong>352</strong></span> <span class='ocrx_word' id='word_1_131' title='bbox 3515 4521 3620 4607; x_wconf 78' lang='lat'><strong>(³).</strong></span> 
     </span>
    </p>
   </div>
   <div class='ocr_carea' id='block_1_14' title="bbox 511 4721 3635 4888">
    <p class='ocr_par' dir='ltr' id='par_1_15' title="bbox 511 4721 3635 4888">
     <span class='ocr_line' id='line_1_22' title="bbox 682 4721 3631 4797; baseline -0 -18"><span class='ocrx_word' id='word_1_132' title='bbox 682 4725 752 4794; x_wconf 81' lang='lat'><strong>(¹)</strong></span> <span class='ocrx_word' id='word_1_133' title='bbox 786 4723 852 4779; x_wconf 90' lang='lat' dir='ltr'><strong>In</strong></span> <span class='ocrx_word' id='word_1_134' title='bbox 888 4724 1016 4779; x_wconf 79' lang='lat' dir='ltr'><strong>aula</strong></span> <span class='ocrx_word' id='word_1_135' title='bbox 1049 4740 1371 4796; x_wconf 80' lang='lat' dir='ltr'><strong>papyrornm</strong></span> <span class='ocrx_word' id='word_1_136' title='bbox 1409 4721 1508 4779; x_wconf 87' lang='lat' dir='ltr'><strong>sub</strong></span> <span class='ocrx_word' id='word_1_137' title='bbox 1547 4723 1617 4779; x_wconf 89' lang='lat' dir='ltr'><strong>N.</strong></span> <span class='ocrx_word' id='word_1_138' title='bbox 1648 4725 1698 4778; x_wconf 90' lang='grc'><strong>5.</strong></span> <span class='ocrx_word' id='word_1_139' title='bbox 1737 4754 1802 4762; x_wconf 91' lang='grc'>-</span> <span class='ocrx_word' id='word_1_140' title='bbox 1842 4724 1909 4794; x_wconf 76' lang='lat'><strong>(²)</strong></span> <span class='ocrx_word' id='word_1_141' title='bbox 1944 4725 2159 4797; x_wconf 76' lang='lat' dir='ltr'><strong>Papyra</strong></span> <span class='ocrx_word' id='word_1_142' title='bbox 2194 4740 2390 4797; x_wconf 81' lang='lat' dir='ltr'><strong>graeca</strong></span> <span class='ocrx_word' id='word_1_143' title='bbox 2438 4729 2494 4779; x_wconf 89' lang='lat' dir='ltr'><strong>et</strong></span> <span class='ocrx_word' id='word_1_144' title='bbox 2544 4724 2758 4794; x_wconf 89' lang='lat' dir='ltr'><strong>coptica</strong></span> <span class='ocrx_word' id='word_1_145' title='bbox 2805 4739 2941 4794; x_wconf 87' lang='lat' dir='ltr'><strong>quae</strong></span> <span class='ocrx_word' id='word_1_146' title='bbox 2991 4727 3288 4794; x_wconf 86' lang='lat' dir='ltr'><strong>sequuntur</strong></span> <span class='ocrx_word' id='word_1_147' title='bbox 3338 4741 3372 4778; x_wconf 93' lang='lat' dir='ltr'><strong>a</strong></span> <span class='ocrx_word' id='word_1_148' title='bbox 3418 4722 3487 4777; x_wconf 88' lang='lat' dir='ltr'><strong>N.</strong></span> <span class='ocrx_word' id='word_1_149' title='bbox 3529 4723 3631 4778; x_wconf 83' lang='lat'><strong>129</strong></span> 
     </span>
     <span class='ocr_line' id='line_1_23' title="bbox 511 4816 3635 4888; baseline -0.001 -15"><span class='ocrx_word' id='word_1_150' title='bbox 511 4835 675 4888; x_wconf 87' lang='lat' dir='ltr'><strong>usque</strong></span> <span class='ocrx_word' id='word_1_151' title='bbox 721 4818 790 4873; x_wconf 86' lang='lat' dir='ltr'><strong>ad</strong></span> <span class='ocrx_word' id='word_1_152' title='bbox 825 4816 988 4872; x_wconf 86' lang='lat' dir='ltr'><strong>finem</strong></span> <span class='ocrx_word' id='word_1_153' title='bbox 1026 4822 1154 4873; x_wconf 90' lang='lat' dir='ltr'><strong>sunt</strong></span> <span class='ocrx_word' id='word_1_154' title='bbox 1189 4817 1245 4872; x_wconf 91' lang='lat' dir='ltr'><strong>in</strong></span> <span class='ocrx_word' id='word_1_155' title='bbox 1285 4817 1659 4874; x_wconf 82' lang='lat' dir='ltr'><strong>Bibliotheca:</strong></span> <span class='ocrx_word' id='word_1_156' title='bbox 1713 4822 1768 4872; x_wconf 86' lang='lat' dir='ltr'><strong>et</strong></span> <span class='ocrx_word' id='word_1_157' title='bbox 1804 4817 1895 4872; x_wconf 79' lang='lat' dir='ltr'><strong>hic</strong></span> <span class='ocrx_word' id='word_1_158' title='bbox 1933 4817 2207 4888; x_wconf 83' lang='lat' dir='ltr'><strong>descripta</strong></span> <span class='ocrx_word' id='word_1_159' title='bbox 2243 4823 2370 4874; x_wconf 89' lang='lat' dir='ltr'><strong>sunt</strong></span> <span class='ocrx_word' id='word_1_160' title='bbox 2405 4819 2463 4872; x_wconf 91' lang='lat' dir='ltr'><strong>in</strong></span> <span class='ocrx_word' id='word_1_161' title='bbox 2513 4818 2616 4873; x_wconf 86' lang='lat' dir='ltr'><strong>fine</strong></span> <span class='ocrx_word' id='word_1_162' title='bbox 2665 4818 2959 4873; x_wconf 80' lang='lat' dir='ltr'><strong>voluminis</strong></span> <span class='ocrx_word' id='word_1_163' title='bbox 3006 4822 3069 4873; x_wconf 88' lang='lat' dir='ltr'><strong>ut</strong></span> <span class='ocrx_word' id='word_1_164' title='bbox 3116 4817 3407 4888; x_wconf 84' lang='lat' dir='ltr'><strong>conjuncta</strong></span> <span class='ocrx_word' id='word_1_165' title='bbox 3455 4819 3635 4871; x_wconf 85' lang='lat' dir='ltr'><strong>essent</strong></span> 
     </span>
    </p>
   </div>
   <div class='ocr_carea' id='block_1_15' title="bbox 511 4911 3634 5173">
    <p class='ocr_par' dir='ltr' id='par_1_16' title="bbox 511 4911 3634 5173">
     <span class='ocr_line' id='line_1_24' title="bbox 511 4911 3634 4985; baseline -0.001 -18"><span class='ocrx_word' id='word_1_166' title='bbox 511 4913 632 4967; x_wconf 86' lang='lat' dir='ltr'><strong>aliis</strong></span> <span class='ocrx_word' id='word_1_167' title='bbox 669 4911 912 4982; x_wconf 82' lang='lat' dir='ltr'><strong>ejusdem</strong></span> <span class='ocrx_word' id='word_1_168' title='bbox 949 4916 1172 4968; x_wconf 87' lang='lat' dir='ltr'><strong>naturae</strong></span> <span class='ocrx_word' id='word_1_169' title='bbox 1209 4913 1444 4985; x_wconf 76' lang='lat' dir='ltr'><strong>papyris.</strong></span> <span class='ocrx_word' id='word_1_170' title='bbox 1471 4942 1535 4951; x_wconf 92' lang='lat'><em>-</em></span> <span class='ocrx_word' id='word_1_171' title='bbox 1577 4912 1646 4982; x_wconf 79' lang='lat'><strong>(⁸)</strong></span> <span class='ocrx_word' id='word_1_172' title='bbox 1683 4912 1889 4967; x_wconf 82' lang='lat' dir='ltr'><strong>Extant</strong></span> <span class='ocrx_word' id='word_1_173' title='bbox 1922 4912 2034 4968; x_wconf 90' lang='lat' dir='ltr'><strong>alia</strong></span> <span class='ocrx_word' id='word_1_174' title='bbox 2069 4929 2272 4983; x_wconf 83' lang='lat' dir='ltr'><strong>papyra</strong></span> <span class='ocrx_word' id='word_1_175' title='bbox 2308 4927 2443 4982; x_wconf 87' lang='lat' dir='ltr'><strong>quae</strong></span> <span class='ocrx_word' id='word_1_176' title='bbox 2482 4912 2548 4966; x_wconf 86' lang='lat' dir='ltr'><strong>de</strong></span> <span class='ocrx_word' id='word_1_177' title='bbox 2588 4911 2773 4967; x_wconf 82' lang='lat' dir='ltr'><strong>eadem</strong></span> <span class='ocrx_word' id='word_1_178' title='bbox 2811 4929 2867 4967; x_wconf 87' lang='lat' dir='ltr'><strong>re</strong></span> <span class='ocrx_word' id='word_1_179' title='bbox 2906 4916 3078 4983; x_wconf 81' lang='lat' dir='ltr'><strong>agunt</strong></span> <span class='ocrx_word' id='word_1_180' title='bbox 3111 4916 3167 4967; x_wconf 85' lang='lat' dir='ltr'><strong>et</strong></span> <span class='ocrx_word' id='word_1_181' title='bbox 3203 4916 3331 4967; x_wconf 87' lang='lat' dir='ltr'><strong>sunt</strong></span> <span class='ocrx_word' id='word_1_182' title='bbox 3367 4912 3423 4965; x_wconf 89' lang='lat' dir='ltr'><strong>in</strong></span> <span class='ocrx_word' id='word_1_183' title='bbox 3449 4927 3634 4965; x_wconf 87' lang='lat' dir='ltr'><strong>museo</strong></span> 
     </span>
     <span class='ocr_line' id='line_1_25' title="bbox 514 5002 3629 5079; baseline -0.001 -18"><span class='ocrx_word' id='word_1_184' title='bbox 514 5005 818 5061; x_wconf 81' lang='lat' dir='ltr'><strong>londinensi</strong></span> <span class='ocrx_word' id='word_1_185' title='bbox 855 5010 910 5061; x_wconf 88' lang='lat' dir='ltr'><strong>et</strong></span> <span class='ocrx_word' id='word_1_186' title='bbox 944 5006 1000 5060; x_wconf 89' lang='lat' dir='ltr'><strong>in</strong></span> <span class='ocrx_word' id='word_1_187' title='bbox 1037 5005 1381 5062; x_wconf 85' lang='lat' dir='ltr'><strong>Bibliotheca</strong></span> <span class='ocrx_word' id='word_1_188' title='bbox 1418 5006 1724 5076; x_wconf 84' lang='lat' dir='ltr'><strong>parisiensi.</strong></span> <span class='ocrx_word' id='word_1_189' title='bbox 1777 5006 1845 5060; x_wconf 85' lang='lat' dir='ltr'><strong>cf.</strong></span> <span class='ocrx_word' id='word_1_190' title='bbox 1883 5005 2131 5068; x_wconf 80' lang='lat' dir='ltr'><strong>Deveria,</strong></span> <span class='ocrx_word' id='word_1_191' title='bbox 2190 5004 2487 5078; x_wconf 74' lang='lat' dir='ltr'><strong>Cataloque</strong></span> <span class='ocrx_word' id='word_1_192' title='bbox 2536 5002 2630 5060; x_wconf 71' lang='lat' dir='ltr'><strong>des</strong></span> <span class='ocrx_word' id='word_1_193' title='bbox 2675 5004 3009 5063; x_wconf 75' lang='lat' dir='ltr'><strong>manuscrits</strong></span> <span class='ocrx_word' id='word_1_194' title='bbox 3047 5003 3330 5079; x_wconf 66' lang='lat' dir='ltr'><strong>eqyptiens</strong></span> <span class='ocrx_word' id='word_1_195' title='bbox 3368 5021 3491 5074; x_wconf 82' lang='lat' dir='ltr'><strong>pag.</strong></span> <span class='ocrx_word' id='word_1_196' title='bbox 3528 5003 3629 5058; x_wconf 84' lang='lat'><strong>241</strong></span> 
     </span>
     <span class='ocr_line' id='line_1_26' title="bbox 515 5098 2971 5173; baseline 0 -21"><span class='ocrx_word' id='word_1_197' title='bbox 515 5116 661 5169; x_wconf 80' lang='lat' dir='ltr'><strong>segg.</strong></span> <span class='ocrx_word' id='word_1_198' title='bbox 702 5098 850 5155; x_wconf 88' lang='lat' dir='ltr'><strong>Haec</strong></span> <span class='ocrx_word' id='word_1_199' title='bbox 889 5098 992 5154; x_wconf 87' lang='lat' dir='ltr'><strong>duo</strong></span> <span class='ocrx_word' id='word_1_200' title='bbox 1028 5116 1230 5173; x_wconf 81' lang='lat' dir='ltr'><strong>papyra</strong></span> <span class='ocrx_word' id='word_1_201' title='bbox 1268 5102 1518 5157; x_wconf 80' lang='lat' dir='ltr'><strong>vaticana</strong></span> <span class='ocrx_word' id='word_1_202' title='bbox 1557 5104 1684 5155; x_wconf 87' lang='lat' dir='ltr'><strong>sunt</strong></span> <span class='ocrx_word' id='word_1_203' title='bbox 1718 5099 1861 5153; x_wconf 82' lang='lat' dir='ltr'><strong>inter</strong></span> <span class='ocrx_word' id='word_1_204' title='bbox 1898 5099 2111 5153; x_wconf 84' lang='lat' dir='ltr'><strong>codices</strong></span> <span class='ocrx_word' id='word_1_205' title='bbox 2149 5099 2424 5154; x_wconf 87' lang='lat' dir='ltr'><strong>vaticanos</strong></span> <span class='ocrx_word' id='word_1_206' title='bbox 2463 5115 2685 5169; x_wconf 72' lang='lat' dir='ltr'><strong>graecos</strong></span> <span class='ocrx_word' id='word_1_207' title='bbox 2722 5117 2774 5153; x_wconf 88' lang='lat' dir='ltr'><strong>n.</strong></span> <span class='ocrx_word' id='word_1_208' title='bbox 2815 5099 2971 5154; x_wconf 82' lang='lat'><strong>2303.</strong></span> 
     </span>
    </p>
   </div>
  </div>
 </body>
</html>
