5034 6400
1860 612 2210 676 -23-

1583 973 1661 1040 N.
1711 976 1816 1039 26.
1863 970 2149 1041 Folium
2190 969 2470 1042 XXVI.

681 1200 1018 1269 COLUMNA
1064 1201 1116 1265 I.
1164 1200 1422 1267 Pictura
1467 1199 1718 1267 exhibet
1762 1199 1971 1266 aulam
2032 1199 2364 1282 septimam
2432 1200 2496 1264 et
2562 1202 2934 1281 postremam
3005 1199 3220 1265 domus
3291 1200 3577 1268 Osiridis.

500 1313 730 1380 Textus
775 1312 1004 1379 similis
1050 1315 1147 1378 est
1187 1309 1693 1395 praecedentibus
1742 1313 1805 1379 et
1850 1310 2107 1394 explicit
2150 1311 2497 1393 capitulum
2548 1309 2863 1377 CXLVII.

682 1534 1017 1602 Comum
1061 1532 1151 1599 II.

600 1665 729 1737 Cap.
768 1665 1057 1721 CXLVIII.

507 1774 834 1884 3²1²&
943 1761 1582 1917 mssqgss
1732 1759 2116 1914 ξῗὲιῑῧί
2270 1797 2343 1872 a>
2450 1796 2522 1869 0
2628 1761 2985 1912 moeffl

637 1922 776 2008 Sat
984 1959 1072 2007 en
1199 1941 1475 2006 s-aker
1913 1957 2012 2019 χιι
2252 1934 2419 2011 hir
2450 1935 2543 2001 ab
2658 1955 2745 2002 en
2835 1936 2941 2001 Ra

604 2054 803 2161 Liber
1015 2055 1130 2139 qui
1161 2052 1430 2139 perficit
1752 2049 2121 2135 defunctum
2234 2050 2303 2114 in
2348 2046 2555 2113 medzo
2696 2047 2887 2115 Solzs.

681 2276 810 2344 Sub
854 2279 1031 2344 textu
1075 2275 1260 2360 hujus
1304 2274 1569 2358 capituli
1612 2275 1854 2358 pictura
1900 2274 2150 2341 exhibet
2195 2273 2556 2355 defunctum
2602 2273 2877 2338 orantem
2922 2290 3129 2337 coram
3176 2271 3287 2337 deo
3337 2270 3582 2339 Osiride

509 2389 726 2458 Sokari
769 2410 913 2457 cum
957 2390 1162 2473 capite
1209 2389 1542 2474 accipitris,
1571 2393 1714 2455 ante
1760 2408 1945 2471 quem
1979 2390 2074 2455 est
2103 2408 2210 2453 ara
2240 2388 2644 2454 oblationum.
2680 2387 2833 2452 Post
2863 2386 3046 2452 deum
3079 2383 3297 2452 Sokari
3327 2385 3584 2469 adparet

509 2501 626 2569 dea
666 2502 935 2589 regionis
978 2500 1252 2568 Amenti.

688 2728 1024 2796 COLUMNA
1069 2727 1193 2793 III.
1240 2728 1497 2793 Pictura
1544 2726 1794 2793 exhibet
1839 2726 2077 2808 septem
2121 2743 2338 2790 vaccas
2372 2724 2435 2788 et
2465 2726 2714 2788 taurum
2746 2742 3006 2788 sacrum.
3043 2721 3280 2804 Cuique
3311 2739 3384 2786 ex
3413 2719 3583 2785 hisce

509 2839 700 2907 sacris
745 2838 1120 2904 animalibus
1166 2837 1331 2904 inest
1374 2857 1597 2905 nomen
1641 2837 1992 2922 mysticum.

689 2949 983 3035 Sequitur
1027 2950 1334 3017 invocatio
1384 2949 1463 3015 ad
1507 2949 1769 3032 quatuor
1811 2946 2229 3034 gubernacula
2273 2945 2597 3012 naviculae
2643 2943 2823 3010 Solis.

1576 3286 1655 3352 N.
1705 3288 1812 3353 27.
1858 3281 2144 3354 Folium
2188 3280 2503 3354 XXVII.

690 3511 1024 3579 COLUMNA
1069 3511 1120 3575 I.
1170 3510 1424 3577 Pictura
1486 3510 1732 3577 exhibet
1793 3511 2053 3593 quatuor
2110 3508 2532 3593 gubernacula
2599 3507 2861 3590 mystica
2929 3524 3087 3588 quae
3154 3503 3437 3587 spectant
3506 3501 3586 3567 ad

510 3621 728 3689 folium
773 3621 1158 3706 praecedens.

689 3844 1022 3912 COLUMNA
1068 3843 1155 3909 Π.
1204 3842 1494 3927 Sequitur
1538 3841 1889 3926 capitulum
1936 3841 2265 3910 CXLVIII
2310 3860 2506 3925 usque
2551 3839 2631 3906 ad
2675 3839 2878 3905 finem.

689 4072 1022 4141 COLUMNA
1068 4071 1192 4137 III.
1240 4070 1518 4154 Quatuor
1561 4073 1732 4157 genii
1777 4072 1885 4156 qui
1928 4071 2167 4139 viscera
2212 4071 2583 4138 cadaverum
2627 4067 3016 4135 custodiunt:

1466 4816 2149 5133 ΐῗΞΞΞΞἫῇ
2113 5006 2544 5072 K0b³⁰¹²¹¹f
