5034 6400
2737 774 2825 787 ...
2870 758 2945 806 w
2988 774 3076 787 .-

1362 899 1669 949 accessere
1713 899 1907 965 usque
1937 879 2017 946 ad
2045 879 2473 965 pontificatum
2508 878 2791 965 Gregorii
2821 878 2997 946 XVI.
3031 878 3154 962 Qui
3185 898 3325 945 cum
3356 898 3639 946 museum
3681 880 4040 966 aegyptium
4083 877 4328 966 insigne
4377 878 4444 946 in

1359 1015 1510 1110 urbe
1565 1015 1923 1094 excitasset,
1969 1013 2305 1080 maximam
2348 1031 2717 1098 papyrorum
2760 1014 3002 1096 partem
3049 1031 3120 1079 eo
3161 1010 3480 1079 transferri
3515 1010 3752 1096 jussit;
3807 1012 3923 1079 illa
3968 1010 4230 1090 scilicet,
4277 1029 4434 1095 quae

1362 1149 1428 1215 in
1458 1147 1853 1215 conclavibus
1884 1146 2301 1214 bibliothecae
2330 1148 2575 1213 nostrae
2598 1146 2793 1213 oculis
2816 1146 3091 1213 omnium
3122 1146 3398 1231 exposita
3435 1148 3612 1212 erant
3639 1146 3801 1213 vitro
3825 1146 4152 1213 custodita.
4177 1143 4444 1230 Reliqua
4521 1123 4530 1130 ⁵

1365 1284 1578 1370 antem
1622 1300 1853 1365 papyra
1896 1279 1962 1345 in
2007 1278 2294 1364 repositis
2338 1278 2756 1345 bibliothecae
2802 1278 3047 1345 scriniis
3091 1297 3284 1362 usque
3329 1277 3410 1346 ad
3453 1279 3613 1346 hanc
3659 1279 3826 1345 diem
3871 1280 4117 1346 servata
4165 1280 4329 1345 sunt.

1545 1414 1925 1501 Papyrorum
1986 1431 2145 1496 quae
2206 1413 2271 1478 in
2332 1431 2563 1491 muse0,
2611 1415 2685 1478 ut
2745 1412 3120 1478 commodius
3179 1412 3489 1479 observari
3551 1412 3811 1495 possint,
3847 1413 4116 1497 reposita
4176 1413 4443 1491 fuerunt,

1372 1549 1703 1632 descriptio
1753 1547 2129 1632 jampridem
2191 1546 2360 1613 edita
2420 1547 2534 1612 est.
2602 1544 2759 1612 Cum
2819 1546 2985 1613 enim
3043 1566 3201 1612 anno
3267 1548 3434 1613 1825
3480 1546 3577 1613 vir
3635 1546 4072 1613 celeberrimus
4119 1544 4447 1629 Champol-

1376 1682 1605 1750 lionius
1650 1682 1740 1750 rei
1788 1682 2172 1765 antiquariae
2218 1680 2613 1768 aegyptiacae
2660 1680 3027 1748 constitutor
3069 1700 3142 1747 ac
3185 1700 3404 1765 parens
3449 1683 3712 1749 Romam
3758 1681 4047 1760 venisset,
4094 1680 4174 1747 ab
4211 1680 4447 1748 illustri

1374 1819 1503 1886 viro
1555 1816 1797 1904 Angelo
1849 1815 2018 1900 Majo
2062 1814 2479 1882 bibliothecae
2528 1816 2768 1881 nostrae
2812 1814 3026 1882 decore
3073 1818 3137 1882 et
3188 1813 3425 1881 lumine
3483 1817 3735 1903 rogatus
3795 1816 3909 1893 est,
3956 1816 4028 1880 ut
4091 1776 4446 1898 hujusmodi

1372 1954 1876 2020 documentorum
1919 1950 2333 2017 recensionem
2363 1948 2674 2015 scriberet.
2707 1947 2826 2015 Vir
2870 1949 3132 2015 eximius
3164 1949 3510 2016 doctissimi
3542 1950 3729 2016 amici
3769 1948 4070 2016 desiderio
4116 1948 4443 2029 satisfecit,

1372 2087 1967 2171 descriptionemque
1997 2083 2077 2150 ab
2108 2101 2178 2148 eo
2208 2081 2551 2149 confectam
2583 2081 2791 2166 Majus
2822 2081 2956 2165 ipse
2989 2081 3494 2159 adnotationibus
3525 2084 3772 2148 auctam
3804 2081 4017 2149 eodem
4048 2100 4208 2147 anno
4236 2080 4446 2165 praelo

1372 2220 1702 2296 commisit,
1737 2217 2057 2302 ediditque
2085 2218 2201 2283 hoc
2224 2215 2444 2284 titulo:
2482 2217 2783 2301 Catacoqo
2817 2215 2924 2283 dei
2938 2218 3176 2303 papiri
3206 2216 3491 2300 misiam
3517 2214 3694 2283 della
3722 2216 4088 2287 Biblioteca
4115 2215 4444 2283 vaticana.

1374 2355 1630 2441 (Roma,
1677 2350 1902 2436 1825).

1544 2486 1841 2555 Recensio
1883 2487 2037 2552 haec
2081 2483 2363 2568 quamvis
2410 2506 2447 2551 a
2492 2484 2623 2550 viro
2668 2483 3024 2550 doctissimo
3056 2483 3437 2564 elucubrata,
3471 2483 3709 2550 ratione
3738 2484 3950 2549 tamen
3980 2482 4294 2567 temporis,
4326 2501 4446 2565 quo

1372 2624 1587 2709 lingua
1632 2623 1695 2687 et
1740 2621 2042 2703 scriptura
2085 2621 2365 2686 veterum
2399 2618 2847 2704 Aegyptiorum
2892 2617 3162 2684 nondum
3192 2617 3375 2701 plene
3418 2617 3828 2694 innotuerant,
3875 2615 4065 2682 nimis
4091 2615 4452 2700 imperfecta

1377 2755 1576 2823 evasit
1621 2756 1685 2820 et
1728 2754 2024 2821 scientiae
2069 2753 2571 2840 aegyptologicae
2616 2752 2949 2835 postulatis
2994 2753 3241 2818 omnino
3271 2752 3489 2835 impar.
3525 2749 3683 2818 Sane
3714 2771 3855 2818 cum
3884 2751 4123 2838 integer
4152 2752 4356 2818 textus
4386 2755 4451 2818 et

1374 2888 1581 2954 variae
1604 2891 1812 2971 partes
1840 2860 2195 2954 funebrium
2214 2885 2521 2952 librorum
2543 2884 2814 2951 nondum
2835 2887 3227 2951 noscerentur
3250 2887 3314 2951 et
3332 2884 3765 2969 interpretatio
3789 2884 4128 2968 scripturae
4151 2884 4448 2971 hierogly-

1371 3023 1591 3107 phicae
1628 3022 1831 3088 adhuc
1876 3021 2169 3087 tentando
2214 3019 2340 3087 fere
2384 3019 2754 3104 procederet,
2787 3038 3153 3105 papyrorum
3181 3019 3453 3102 perfecta
3498 3019 3830 3103 descriptio
3874 3018 4009 3085 fieri
4051 3018 4224 3086 nullo
4262 3017 4441 3085 modo

1376 3148 1616 3240 potnit;
1649 3155 1758 3222 sed
1787 3153 2148 3223 arbitrariae
2178 3153 2512 3222 divisiones
2543 3153 2819 3237 capitum
2842 3155 2989 3220 sunt
3010 3151 3347 3233 adhibitae,
3375 3154 3626 3220 nomina
3657 3151 4057 3222 divinitatum
4085 3152 4449 3239 quandoque

1378 3290 1557 3369 falsa,
1590 3288 2017 3356 defunctorum
2047 3288 2409 3372 imperfecta
2441 3290 2505 3355 et
2534 3290 2817 3370 corrupta
2847 3289 2993 3355 sunt
3012 3288 3321 3355 nuntiata.
3347 3286 3547 3370 Quare
3570 3289 3984 3355 recensionem
4006 3288 4190 3356 illam
4211 3286 4451 3355 littera-

1378 3423 1509 3491 riae
1550 3422 2052 3509 aegyptiacarum
2096 3422 2547 3506 antiquitatum
2590 3421 2890 3491 historiae
2931 3423 3368 3500 documentum
3412 3442 3557 3490 vere
3599 3422 3957 3506 pretiosum,
4004 3421 4114 3489 sed
4157 3422 4450 3489 hodierno

1378 3557 1521 3624 usui
1563 3576 1812 3641 prorsus
1856 3556 2148 3623 inutilem
2194 3575 2344 3635 esse,
2394 3558 2457 3622 et
2500 3556 2643 3623 ideo
2680 3575 2904 3622 novam
2948 3576 3020 3623 ex
3064 3558 3306 3643 integro
3354 3556 3832 3641 descriptionem
3875 3555 4127 3622 institui
4172 3559 4451 3640 oportere

1380 3709 1558 3757 nemo
1587 3709 1707 3756 non
1739 3690 1929 3756 videt.
1955 3689 2221 3757 Accedit
2248 3688 2412 3773 quod
2441 3690 2730 3756 vaticana
2750 3709 2985 3775 papyra
3014 3709 3131 3757 non
3163 3690 3372 3756 emnia
3401 3690 3673 3757 recensio
3696 3690 3811 3756 illa
3834 3690 4286 3774 complectitur,
4310 3709 4455 3756 nam

1384 3844 1457 3891 ea
1501 3842 1658 3907 quae
1703 3824 1768 3889 in
1815 3812 2209 3890 Bibliotheca
2237 3843 2399 3890 nunc
2428 3825 2753 3889 servantur
2781 3822 2861 3889 ad
2891 3826 3164 3890 nostram
3193 3843 3388 3907 usque
3419 3826 3689 3891 aetatem
3719 3825 3921 3891 indice
3953 3827 4018 3892 et
4046 3824 4454 3908 descriptione

1378 3961 1722 4025 caruerunt.
1770 3956 1904 4040 Quo
1955 3960 2020 4024 in
2073 3976 2325 4024 numero
2380 3976 2643 4043 magnus
2695 3955 2856 4023 liber
2907 3976 3282 4043 papyraceus
3333 3977 3454 4024 uno
3508 3961 3572 4026 et
3621 3959 3884 4045 triginta
3943 3958 4115 4025 foliis
4166 3962 4452 4026 constans

1379 4091 1719 4184 principem
1764 4090 1971 4157 locum
2016 4088 2282 4171 obtinet;
2351 4088 2605 4174 ejusque
2669 4089 2861 4156 editio
2905 4090 3064 4156 mihi
3132 4091 3505 4159 demandata
3565 4093 3661 4161 est
3722 4111 3881 4158 anno
3942 4092 4451 4179 quinquagesimo

1380 4225 1707 4292 sacerdotii
1738 4224 1963 4291 Leonis
1993 4224 2156 4290 XIII
2188 4224 2259 4289 P.
2294 4223 2384 4288 M.
2416 4222 2645 4290 Nobile
2673 4223 3036 4289 mandatum
3068 4228 3408 4309 exequutus
3441 4246 3579 4291 sum
3608 4225 3674 4291 in
3706 4225 3910 4292 lucem
3939 4226 4187 4293 emissis
4218 4224 4453 4291 tabulis

1380 4358 1795 4444 phototypicis
1839 4359 1902 4423 et
1944 4356 2109 4422 libro
2155 4356 2257 4422 cui
2300 4355 2560 4423 titulus:
2611 4356 2676 4423 Il
2719 4355 2965 4440 prande
2997 4360 3242 4444 papiro
3280 4362 3486 4444 eqixio
3520 4360 3696 4426 della
3738 4360 4103 4428 Biblioteca
4148 4362 4456 4427 vaticana

1382 4498 1743 4559 contenente
1789 4491 1845 4559 il
1889 4490 2060 4559 libro
2109 4489 2212 4557 del
2255 4508 2395 4573 per
2441 4508 2555 4556 em
2600 4489 2827 4567 heru,
2878 4489 3181 4559 descritto
3230 4490 3308 4557 ed
3352 4491 3686 4560 illustrato
3728 4492 3814 4560 da
3846 4495 4070 4560 Oaazm
4114 4497 4451 4560 MAaUccffl.

1382 4626 1644 4712 (Roma,
1692 4623 1913 4708 1888).

1553 4757 1734 4825 Nunc
1779 4760 1988 4825 autem
2034 4757 2309 4850 omnium
2353 4775 2725 4842 papyrorum
2770 4758 3094 4843 aegyptiae
3139 4758 3538 4841 antiquitatis
3599 4778 3755 4843 quae
3805 4760 3871 4826 in
3931 4759 4176 4826 aedium
4221 4759 4457 4826 vatica-

1377 4899 1607 4960 narum'
1638 4896 1775 4959 tum
1820 4913 2030 4960 museo
2075 4896 2212 4958 tum
2258 4892 2642 4959 bibliotheca
2672 4891 3075 4958 adservantur
3105 4892 3436 4976 descriptio
3464 4893 3831 4977 plenissima
3860 4893 4083 4971 editur,
4118 4913 4192 4960 ea
4220 4894 4458 4960 ratione

1380 5028 1443 5093 et
1486 5027 1697 5107 forma,
1745 5027 1969 5111 quibus
2015 5025 2330 5093 doctorum
2374 5025 2696 5094 hominum
2739 5028 2984 5092 nostrae
3036 5026 3262 5094 aetatis
3307 5027 3469 5093 votis
3516 5028 3579 5092 et
3624 5028 3961 5094 commodis
4007 5027 4161 5094 satis
4205 5028 4336 5096 fiat.

1557 5160 1884 5228 Enimvero
1929 5180 2069 5227 cum
2115 5161 2191 5227 de
2235 5162 2484 5246 papyris
2530 5159 2837 5246 aegyptiis
2882 5162 3120 5248 agatur,
3167 5160 3408 5244 aliquid
3455 5161 3531 5229 de
3575 5164 3704 5227 toto
3765 5155 3886 5229 'hoc
3954 5162 4459 5229 documentorum
