5034 6400
2775 619 2864 630 ....
2909 583 2995 648 60
3041 615 3129 629 ..-

1505 740 1674 795 Linea
1708 735 1850 790 XVI.

1420 838 3309 1013 QsssOEQOsfflQfffflQ
3529 834 3903 985 ἐξὲξ
4131 837 4527 986 [οἵω

1455 1040 1553 1102 au
1685 1033 1718 1099 f
1796 1032 1919 1097 ha.
1962 1028 1998 1094 f
2105 1046 2184 1094 er
2449 1026 2600 1090 naa
2846 1038 2938 1086 en
2985 1020 3092 1085 Ra
3184 1036 3297 1083 em
3586 1013 3869 1094 xertiu
4268 1011 4474 1079 horu

1411 1150 1547 1234 ipse
1680 1140 1976 1212 ascendet
2110 1142 2189 1208 in·
2404 1137 2629 1203 navim
2860 1132 3036 1200 Solis
3192 1133 3264 1197 in
3623 1144 3817 1191 cursu
4294 1122 4430 1190 diei

2706 1277 3100 1286 —umss-.—„
3124 1276 3222 1284 -—-..
3253 1276 3276 1281 -
3297 1275 3322 1281 -μ
3361 1275 3402 1280 --

1422 1378 1572 1476 ‘⁴⁹2³
1654 1353 1806 1506 ἐφ’
1911 1348 2097 1503 dis
2177 1378 2275 1474 ω

1417 1536 1545 1601 ent
1588 1533 1789 1599 heru
1831 1528 1980 1595 neb
2027 1529 2121 1593 au
2164 1523 2418 1601 hebes

1417 1648 1644 1715 omnis.
1715 1644 1911 1709 Vestit
1957 1636 2169 1725 (eum).

1426 1934 1963 2093 &rm
2068 1932 2660 2087 &25¹ssss
2839 1946 3088 2068 xro

1462 2122 1583 2183 am
1739 2113 1948 2196 Tbot
2084 2131 2198 2179 em
2286 2115 2609 2191 menxet
2874 2113 3126 2173 mii...

1465 2229 1563 2296 ibi
1740 2227 1789 2307 Τ
1809 2224 1849 2301 h
1869 2227 1948 2291 ot
2061 2242 2203 2290 cum
2384 2229 2554 2290 veste
2710 2223 3034 2288 veritatis.
3063 2270 3078 2285 .
3108 2269 3122 2284 .

1605 2405 1947 2473 COLUMNA
1993 2403 2106 2468 IV.
2154 2402 2413 2469 Pictura
2459 2399 2714 2467 exhibet
2757 2398 3044 2465 tabulam
3088 2399 3354 2482 capituli
3400 2398 3636 2466 CXXV
3690 2421 3800 2469 seu
3858 2401 4172 2486 judicium
4232 2404 4520 2472 Osiridis.

1424 2518 1593 2584 Aula
1638 2517 1705 2583 in
1753 2535 1877 2601 qua
1920 2515 2099 2583 sedet
2134 2512 2328 2597 judex
2373 2514 2759 2579 mortuorum
2805 2512 2870 2579 et
2915 2510 3147 2577 dicitur
3188 2511 3543 2590 Amenti‚
3592 2513 3971 2596 conspicitur
3999 2516 4154 2582 artis
4202 2517 4525 2602 aegyptiae

1425 2629 1806 2696 ornamenffis
1855 2626 2165 2693 decorata.
2214 2622 2412 2708 Super
2457 2622 2806 2707 epistilium
2837 2624 3153 2707 serpentes
3181 2623 3377 2701 ursei,
3411 2623 3602 2690 foculi
3632 2627 3696 2691 et
3728 2626 3978 2706 plumae
4009 2627 4416 2695 alternantur.
4448 2627 4524 2693 In

1426 2738 1632 2808 medio
1678 2738 1945 2824 epistilii
1977 2739 2072 2804 est
2102 2737 2254 2804 deus
2301 2734 2343 2803 S
2360 2736 2462 2802 hu
2506 2734 2780 2802 brachiis
2811 2735 3081 2801 extensis
3113 2733 3279 2802 inter
3309 2734 3464 2801 duos
3494 2735 3705 2802 oculos
3736 2736 4003 2804 Osiridis
4035 2740 4144 2823 qui
4174 2738 4525 2825 symbolum

1427 2855 1724 2941 exprimit
1764 2852 2268 2921 resurrectionis:
2300 2850 2368 2917 in
2400 2850 2793 2917 extremitate
2832 2849 3049 2916 sedent
3080 2848 3199 2916 duo
3231 2850 3629 2934 cynocephali
3662 2850 3769 2935 qui
3800 2852 4030 2918 libram
4051 2853 4281 2937 judicii
4327 2858 4529 2922 custo-

1428 2967 1631 3034 diunt.
1678 2966 1755 3033 ln
1801 2966 1947 3032 aula
1992 2965 2132 3049 ipsa
2179 2962 2380 3029 Osiris
2426 2961 2602 3030 sedet
2647 2961 2713 3027 in
2759 2961 2931 3038 solio,
2966 2960 3081 3028 sub
3114 2958 3400 3027 aedicula
3427 2961 3750 3048 flagellum
3785 2965 3849 3032 et
3879 2968 4190 3049 sceptrum
4215 2966 4525 3032 sustinens

1428 3099 1597 3147 more
1643 3080 1862 3147 solito:
1911 3080 2057 3145 ante
2087 3098 2231 3145 eum
2263 3077 2457 3145 situm
2491 3078 2588 3143 est
2630 3074 2830 3142 altare
2875 3073 3300 3141 oblationibus
3330 3074 3646 3153 refertum,
3681 3078 3746 3142 et
3775 3075 3993 3144 bellua
4021 3081 4227 3145 custos
4272 3078 4525 3158 Averni,

1428 3193 1871 3279 hippopotamo
1895 3189 2147 3271 similis,
2172 3190 2367 3257 latrat
2385 3189 2568 3274 Juxta
2594 3208 2787 3256 aram.
2821 3186 3015 3254 Libra
3037 3186 3103 3253 in
3126 3206 3251 3271 qua
3271 3186 3546 3254 actiones
3570 3187 3892 3255 hominum
3921 3190 4248 3273 ponderari
4278 3191 4525 3266 debent,

1431 3305 1778 3374 custoditur
1824 3323 1863 3369 a
1909 3303 2036 3394 diis
2081 3302 2250 3368 Horo
2297 3304 2361 3368 et
2404 3300 2638 3378 Anuhi,
2685 3299 2792 3383 qui
2837 3301 3079 3366 attente
3121 3299 3588 3382 perscrutantur
3630 3300 3683 3364 si
3731 3302 4170 3384 aequilibrium
4215 3303 4329 3370 fiat
4371 3303 4534 3370 inter

1438 3436 1541 3484 cor
1583 3415 1874 3494 hominis,
1923 3432 2071 3481 vase
2118 3432 2494 3498 expressum,
2542 3415 2608 3479 et
2652 3410 2833 3478 deam
2885 3410 3173 3477 veritatis
3225 3430 3299 3477 ac
3343 3409 3652 3494 justitiae.
3698 3411 3865 3479 Ante
3920 3413 4149 3479 libram
4206 3417 4339 3481 stat
4382 3415 4536 3483 deus

1436 3528 1600 3595 Thot
1628 3530 1703 3593 ut
1733 3525 2113 3593 sententiam
2146 3523 2412 3590 Osiridis
2443 3522 2700 3589 scribat.
2732 3521 2835 3588 Ad
2866 3521 3184 3589 dexteram
3212 3521 3518 3606 aspicitur
3562 3521 3913 3603 defunctae,
3938 3544 4124 3608 quem
4170 3525 4329 3593 duae
4377 3526 4539 3593 divi-

1436 3640 1669 3706 nitates
1707 3636 1998 3721 justitiae
2046 3634 2329 3702 tribunal
2373 3632 2829 3721 ingredientem
2875 3633 3268 3700 comitantur.
3318 3632 3394 3698 In
3454 3633 3638 3702 aulae
3698 3636 3936 3718 pariete
3995 3636 4214 3705 sedent
4275 3637 4535 3721 quadra·

1436 3751 1615 3837 ginta
1662 3753 1725 3816 et
1772 3749 1893 3815 duo
1929 3747 2178 3832 judices
2223 3747 2331 3831 qui
2393 3745 2587 3813 simul
2633 3765 2779 3812 cnm
2824 3744 3072 3812 Osiride
3108 3743 3456 3829 judicaturi
3502 3748 3649 3814 sunt
3693 3749 3758 3814 et
3802 3750 3949 3814 ante
3994 3748 4141 3814 illos
4210 3749 4536 3816 defunctus

1438 3881 1618 3930 orans
1665 3879 1844 3926 suam
1874 3878 2128 3927 causam
2177 3858 2474 3925 defendit.
2524 3857 2732 3942 Hujus
2776 3856 3035 3924 tabulae
3089 3857 3525 3941 inscriptiones
3585 3860 3732 3925 sunt
3775 3859 4011 3926 litteris
4054 3853 4542 3945 hieroglyphicis'

1440 3975 1746 4040 exaratae.

1612 4128 1800 4214 Apud
1846 4127 2158 4195 Osiridem
2204 4127 2478 4214 legitur:
2703 4139 2708 4144 ·

1448 4258 2192 4417 ‚dwfflffil
2396 4257 4534 4412 ‘lvi‘lfflifflwssg

1527 4444 1711 4507 asar
1857 4458 1956 4506 un
2047 4438 2745 4506 neferneterneb
2879 4442 3026 4517 anx
3072 4437 3305 4502 neter
3393 4442 3484 4502 {ia
3573 4432 3977 4512 biktetto
4104 4435 4239 4513 hir
4382 4436 4544 4506 Set-

1497 4554 1710 4620 Osiris
1843 4571 1952 4618 ens
2042 4551 2273 4619 bonum
2305 4550 2458 4618 deus
2483 4549 2777 4618 dominus
2799 4551 2972 4617 vitae
2995 4548 3151 4616 deus
3174 4568 3443 4635 maynus
3465 4569 3591 4617 rea:
3614 4557 3917 4617 aeternus
3941 4550 4163 4618 vivens
4188 4551 4256 4618 in
4281 4552 4544 4636 regione

1450 4758 1849 4913 [1ὲέ
1998 4756 2069 4906 ξ
2352 4774 2506 4901 Q
2712 4807 2864 4859 v
2965 4754 3379 4910 ilfi&
3459 4752 4233 4910 lamis&

1524 4936 1716 5004 alter
1914 4940 2108 5019 xent
2227 4936 2536 5003 amenti
2714 4935 2862 5001 neb
3065 4933 3266 5011 abtu
3466 4936 3702 5000 suten
3766 4952 3855 4999 en
3947 4931 4102 5008 heb

1436 5048 1775 5116 Setaker
1819 5051 1932 5135 qui
1962 5048 2308 5153 residet-in
2332 5050 2595 5116 Amenti
2639 5046 2934 5115 dominus
3067 5045 3273 5113 Abidi
3699 5064 3853 5114 rex
3943 5046 4381 5113 aeternitatis.
