5034 6400
2764 580 3120 644 ..98-

2086 865 2897 1039 PAPYRUM
2976 931 3828 1040 XXXanJ*

2776 1354 2857 1420 N.
2908 1357 3133 1421 85-86.

1568 1534 1772 1600 Parva
1819 1532 2171 1619 fragmenta
2217 1532 2452 1599 litteris
2499 1532 2823 1599 hieratiois
2870 1532 3024 1599 libri
3067 1552 3207 1617 per
3267 1552 3381 1599 em
3440 1533 3657 1600 heru.
3705 1531 3862 1599 Sunt
3908 1533 4075 1600 male
4120 1532 4310 1600 simul
4355 1552 4496 1600 con-

1381 1645 1602 1730 juncta
1650 1645 1712 1710 et
1755 1643 1924 1712 male
1970 1644 2179 1723 etiam,
2227 1646 2303 1710 ut
2348 1642 2467 1710 duo
2516 1643 2763 1710 diversa
2808 1663 3059 1729 papyra,
3112 1642 3261 1710 hino
3323 1643 3468 1711 inde
3532 1643 3853 1727 disposita.
3919 1644 4158 1718 Nomen
4219 1642 4497 1711 defuncti

1388 1778 1508 1825 non
1557 1757 1833 1840 adparet.

2140 2278 2962 2383 PAPYRUM
3049 2275 3761 2383 ΧΧΧΙΧ.ΠΜ

2812 2697 2891 2762 N.
2942 2699 3049 2764 87.

1568 2874 1771 2941 Parva
1816 2875 2166 2961 fragmenta
2213 2874 2492 2959 ejusdem
2539 2875 2693 2942 libri
2738 2876 2906 2943 male
2952 2894 3095 2942 oum
3143 2874 3292 2941 aliis
3338 2873 3685 2959 conjuncta.
3736 2876 4073 2945 Continent
4120 2878 4403 2963 symbola
4434 2881 4499 2944 et

1387 2987 1617 3073 figuras
1665 2987 1968 3071 quasdam
2012 2988 2272 3055 mutilas
2318 2986 2642 3074 regionum
2688 2987 2909 3054 mundi
2954 2987 3360 3054 subterranei.

2334 3607 3147 3712 PAPYRUM
3225 3602 3577 3709 XLJffl.

2751 4028 2830 4093 N.
2883 4029 2966 4094 ss
3016 4026 3123 4114 (¹).

1566 4211 1881 4295 Papyrum
1925 4210 2158 4277 litteris
2206 4210 2530 4277 demotiois
2561 4209 3069 4296 vigintiquinque
3099 4208 3290 4275 lineis
3321 4206 3814 4274 horizontalibus
3846 4207 4154 4274 constans.
4197 4201 4493 4269 Continet

1383 4326 1629 4391 textum
1675 4322 2105 4406 stipulationis
2149 4321 2404 4387 habitae
2437 4324 2717 4404 tempore
2752 4320 3154 4386 Psammitiei
3184 4319 3236 4398 Ι,
3269 4318 3515 4386 saeculo
3550 4321 3693 4385 ante
3725 4317 4048 4384 Christum
4079 4315 4365 4400 septimo,
4398 4315 4494 4379 uti

1388 4435 1649 4519 adparet
1680 4453 1713 4500 e
1743 4433 1950 4518 prima
1976 4433 2150 4500 linea
2180 4433 2292 4499 ubi
2323 4432 2558 4518 legitur
2588 4431 2889 4499 indicatio
2921 4431 3354 4516 chronologica
3383 4430 3514 4497 diei
3545 4429 3947 4497 duodecimae
3976 4428 4209 4495 mensis
4249 4426 4498 4495 Mechir

1388 4547 1527 4633 (seu
1557 4543 1874 4633 Januarii)
1922 4546 1985 4612 et
2030 4545 2179 4611 anni
2226 4544 2578 4612 duodecimi
2624 4544 2968 4610 Pharaonis
3015 4541 3412 4609 Psammitioi
3459 4544 3542 4628 (a.
3588 4543 3722 4641 ‘655
3769 4560 3825 4607 a.
3876 4538 3994 4624 C.).

1550 4786 1618 4857 (¹)
1657 4784 1738 4842 Cf.
1779 4784 1951 4843 Catal.
1990 4783 2213 4857 Champ.
2253 4802 2375 4856 pag.
2415 4785 2501 4850 25,
2541 4781 2673 4839 Tab.
2717 4782 2840 4848 XII,
2884 4782 2992 4837 litt.
3036 4780 3098 4835 A.
