5034 6400
1822 515 2221 579 —113—

1438 842 2249 972 PAPYR'UM
2340 865 2647 971 ΠΨ
2763 836 2785 914 ³

1838 1291 1919 1357 N.
1973 1293 2097 1356 105
2133 1290 2236 1376 (ι).

659 1476 973 1561 Papyrum
1018 1475 1332 1561 integrum
1380 1472 1609 1539 litteris
1655 1471 1977 1537 hiel-‘aticis
2026 1472 2256 1537 formae
2303 1469 2683 1556 irregularis,
2731 1474 2940 1537 aetate
2984 1491 3273 1539 romanae
3306 1470 3589 1538 domina-

480 1587 707 1654 tionis:
754 1587 1032 1654 continet
1070 1588 1312 1652 textum
1356 1585 1683 1651 funebrem
1731 1603 1800 1650 ex
1847 1584 2008 1649 libro
2065 1602 2205 1667 per
2265 1601 2379 1648 em
2436 1584 2633 1648 heru
2698 1587 2763 1650 et
2808 1583 2952 1650 aliis
2996 1583 3356 1667 hujusmodi
3403 1583 3587 1651 docu-

482 1699 708 1766 mentis
754 1699 1188 1783 depromptum
1244 1699 1520 1782 quinque
1583 1696 1889 1763 columnis
1951 1695 2345 1777 dispositum,
2409 1715 2554 1762 cum
2616 1696 2903 1780 precibus
2967 1697 3030 1763 et
3093 1695 3588 1763 invocationibus

480 1835 903 1903 divinitatum.
953 1836 1194 1903 Nomen
1242 1837 1522 1903 defuncti
1570 1843 1670 1901 est
1717 1805 1855 1958 Q
1892 1841 1906 1920 Ι
1938 1807 2039 1958 {f
2099 1836 2281 1916 Hor.

656 1983 758 2050 Ad
803 1984 1120 2051 dexteram
1167 1984 1348 2050 adest
1391 1983 1611 2050 tabula
1642 1983 1843 2069 nigris
1874 1982 2091 2068 figuris
2139 2003 2295 2065 quae
2343 1986 2542 2049 artem
2588 1987 3227 2071 aegyptio-romanam
3280 1985 3583 2052 redolent.

485 2096 652 2162 Deus
698 2095 898 2162 Osiris
944 2096 1119 2162 sedet
1162 2096 1231 2162 in
1275 2095 1432 2162 solio
1478 2114 1622 2161 cum
1669 2095 1908 2177 sceptro
1953 2096 2022 2160 et
2066 2094 2317 2180 flagello
2365 2099 2429 2161 et
2473 2100 2616 2179 post
2663 2116 2805 2163 eum
2851 2098 3080 2164 adsunt
3118 2099 3268 2165 deae
3297 2098 3593 2181 Nephtis

483 2237 547 2302 et
592 2233 714 2300 Isis
759 2253 919 2317 quae
966 2235 1344 2301 emblemata
1388 2234 1712 2300 nominum
1747 2214 1884 2300 'seu
1926 2207 1977 2357 Π
2021 2233 2085 2319 (a
2102 2234 2158 2318 s)
2208 2235 2271 2299 et
2314 2203 2406 2358 Π
2459 2234 2723 2319 (neb-b
2746 2236 2854 2319 at)
2901 2237 3212 2303 sustinent
3255 2238 3323 2303 in
3353 2235 3585 2320 capite.

482 2382 749 2466 Nephtis
797 2385 1046 2470 signum
1075 2383 1244 2449 vitae
1271 2403 1463 2449 manu
1508 2384 1766 2449 sinistra
1812 2384 1997 2469 gerit.
2044 2384 2211 2450 Ante
2257 2384 2571 2451 Osiridem
2617 2385 2923 2468 aspicitur
2957 2384 3203 2452 Anubis
3235 2385 3346 2468 qui
3377 2382 3590 2450 defun-

483 2497 653 2560 ctum
677 2494 756 2561 ad
782 2495 1062 2562 tribunal
1079 2495 1291 2578 ducit:
1327 2494 1656 2561 defunctus
1681 2496 1873 2561 habet
1896 2495 2054 2561 collo
2079 2515 2461 2579 suspensam,
2496 2496 2576 2561 ad
2605 2497 2806 2562 instar
2835 2495 3119 2576 amuleti,
3150 2515 3410 2579 parvam
3439 2494 3592 2561 ima·

479 2607 689 2692 ginem
716 2605 868 2673 deae
899 2607 1183 2673 veritatis
1232 2607 1330 2693 (M
1348 2605 1431 2690 a).
1464 2605 1673 2673 Horus
1707 2609 1935 2684 autem,
1972 2606 2324 2673 diademate
2356 2609 2680 2689 utriusque
2711 2606 2985 2694 Aegypti
3017 2606 3302 2693 insignis,
3341 2606 3590 2672 dextera

485 2738 673 2785 manu
702 2718 868 2785 libat
911 2737 1097 2803 super
1128 2738 1299 2784 aram
1332 2718 1721 2784 oblationum
1769 2721 1833 2784 et
1879 2719 2136 2786 sinistra
2166 2719 2565 2785 thuribulum
2597 2737 2921 2785 accensum
2954 2719 3218 2803 porrigit
3252 2717 3594 2784 divinitati.

1357 3491 2162 3596 PAPYRUM
2273 3489 2668 3595 [ΛΠ.ωε

1765 3863 1772 3869 ’
1831 3914 1908 3980 N.
1965 3916 2090 3981 106
2126 3913 2230 4000 (2).

658 4094 971 4179 Papyrum
1016 4093 1389 4160 hieraticum
1434 4095 1666 4159 aetatis
1713 4094 2037 4178 dynastiae
2083 4094 2361 4169 XXII⁶⁶‚
2412 4110 2571 4175 quae
2620 4092 2853 4159 dicitur
2884 4093 3283 4158 Bubastitica
3313 4093 3501 4178 (saec.
3529 4092 3590 4158 X

480 4225 518 4271 a
565 4204 755 4289 Ghn),
803 4206 1126 4273 continens
1174 4204 1453 4288 capitula
1499 4206 1804 4288 quaedam
1851 4206 2002 4271 libri
2048 4225 2191 4289 per
2234 4224 2348 4271 em
2394 4205 2612 4271 heru.
2660 4240 2748 4253 —
2797 4206 3082 4271 Pertinet
3127 4204 3206 4271 ad
3254 4204 3591 4272 mulierem

481 4316 842 4385 defunctam
887 4318 987 4383 cui
1034 4336 1256 4384 nomen
1304 4319 1368 4382 et
1414 4317 1678 4382 titulus:

1234 4452 1476 4628 ἒὲζὲ
1611 4476 1943 4631 [1Ἠέ
2123 4476 2769 4632 ssQA’Q‘Sffl

1143 4654 1434 4721 Kemat
1480 4676 1571 4721 en
1669 4659 1898 4721 amun
2301 4655 2591 4720 ii-mut

1194 4766 1516 4834 Sacerdos
1605 4768 1938 4834 Ammonis
2307 4766 2565 4833 Iimut

645 5005 711 5075 (¹)
748 5005 815 5060 In
849 5022 1050 5061 museo.
1094 5004 1226 5060 Tab.
1267 5007 1317 5061 2.
1360 5036 1424 5045 —
1465 5006 1533 5075 (ἲ)
1571 5005 1634 5060 In
1674 5023 1876 5060 museo,
1916 5005 2048 5060 Tab.
2087 5007 2137 5061 3.
