5034 6400
1888 654 2241 718 -99-

1399 1009 2209 1117 PAPYRUM
2317 1005 2727 1113 XLI.Im

1950 1339 2030 1405 N.
2080 1340 2187 1404 89.

692 1522 894 1589 Parva
938 1522 1294 1609 fragmenta
1336 1520 1574 1589 litteris
1604 1516 1928 1587 hieraticis
1958 1518 2222 1585 fortasse
2251 1516 2403 1583 libri
2448 1536 2491 1601 p
2509 1536 2543 1584 e
2559 1537 2591 1583 r
2637 1536 2751 1584 em
2795 1517 2839 1581 h
2857 1534 3012 1582 eru.
3060 1514 3301 1582 Nomen
3349 1511 3627 1580 defuncti

515 1653 636 1701 non
682 1633 961 1718 adparet.

1374 2000 2184 2106 PAPYRUM
2294 1994 2784 2102 XLII.⁰¹

1956 2376 2035 2441 N.
2086 2377 2192 2442 90.

692 2558 1072 2646 Fragmenta
1115 2557 1290 2624 varia
1335 2557 1712 2625 characteris
1759 2556 2053 2623 hieratici
2098 2555 2457 2624 recentioris
2505 2556 2733 2623 aetatis
2781 2557 2846 2623 et
2889 2553 3299 2639 probabiliter
3327 2555 3624 2640 temporis

515 2688 801 2737 romanae
847 2667 1312 2737 dominationis.
1360 2669 1590 2736 Textus
1637 2670 1789 2748 erat,
1834 2670 1908 2734 ut
1952 2667 2221 2748 videtur,
2269 2665 2552 2734 funebris
2599 2667 2970 2754 argumenti.

1326 3082 2137 3188 PAPYRUM
2244 3079 2816 3187 XLIII.Im

1877 3324 1973 3483 ΙΝ.
2023 3419 2105 3483 91
2141 3415 2247 3502 (¹).

699 3594 1013 3680 Papyrum
1058 3595 1381 3662 continens
1427 3595 1714 3662 tabulam
1760 3615 1921 3679 quae
1966 3595 2242 3680 pertinet
2272 3593 2354 3662 ad
2383 3593 2649 3691 librum·
2668 3595 2884 3676 Tuan
2931 3597 2996 3660 et
3026 3593 3337 3678 supplicia
3368 3594 3626 3661 damna-

521 3712 726 3773 torum
774 3706 1067 3789 exprimit
1113 3708 1179 3773 in
1224 3707 1476 3773 inferno
1487 3706 1669 3791 juxta
1701 3707 2048 3773 doctrinam
2079 3708 2363 3774 veterum
2392 3686 2864 3792 Aegyptiorum.
2911 3706 3085 3772 Haec
3129 3705 3353 3773 tabula
3384 3709 3628 3790 spectat

522 3819 602 3885 ad
644 3819 862 3884 horam
892 3818 1070 3885 XI⁸¹¹¹
1102 3821 1302 3886 noctis
1348 3820 1503 3885 libri
1549 3821 1789 3902 Tuan.
1838 3820 2107 3905 Figurae
2138 3821 2285 3886 sunt
2315 3819 2555 3903 triplici
2585 3818 2797 3886 ordine
2828 3818 3166 3901 dispositae
3204 3821 3277 3885 ut
3323 3819 3625 3902 sequitur.

697 3930 918 3997 LmssA
965 3931 1018 3996 Ι.
1070 3930 1320 3999 Titulus
1366 3931 1600 3998 litteris
1647 3932 2168 4018 hieroglyphicis:

1557 4104 1627 4174 ³¹<
1737 4066 1971 4217 21⁴0>-
1997 4068 2076 4218 d
2134 4115 2284 4165 <³7
2415 4063 2647 4216 {a}

1454 4242 1675 4323 Tuau
1809 4246 1994 4308 asar
2142 4242 2293 4308 neb
2385 4243 2697 4309 amenti

1184 4351 1508 4420 Adoratio
1566 4352 1823 4421 Osiridi
1867 4353 2124 4421 domino
2173 4358 2465 4440 reqionz's
2512 4354 2956 4422 occidentalis.

695 4464 849 4530 Post
891 4461 1365 4547 inscriptionem
1410 4463 1591 4531 adest
1635 4464 1833 4551 figura
1879 4465 2154 4531 brachiis
2216 4467 2487 4532 extensis
2554 4465 2635 4531 ad
2693 4465 2892 4531 instar
2951 4465 3205 4531 orantis.
3270 4465 3346 4531 In
3411 4465 3626 4532 eadem

518 4575 686 4641 linea
729 4575 989 4658 adparet
1031 4575 1232 4661 figura
1277 4573 1607 4641 muliebris
1654 4594 1813 4659 quae
1857 4576 1992 4642 alas
2038 4577 2342 4660 serpentis
2390 4577 2655 4644 dividit:
2706 4581 2770 4644 et
2813 4578 3156 4660 sequuntur
3210 4577 3330 4643 duo
3391 4577 3622 4643 divini-

521 4688 681 4754 tates
728 4688 934 4772 capite
979 4686 1180 4754 leonis
1227 4705 1385 4771 quae
1431 4686 1666 4754 culctro
1714 4687 2038 4755 damnatos
2085 4690 2441 4757 cruciantur
2488 4695 2554 4758 et
2596 4689 2906 4756 occidunt.
2970 4689 3066 4756 De
3126 4689 3509 4757 cruciatibus
3564 4692 3627 4755 et

524 4799 598 4865 de
642 4797 947 4865 occisione
979 4797 1411 4865 damnatorum
1444 4799 1652 4883 agitur
1681 4800 1872 4871 etiam
1902 4799 1968 4865 in
2000 4800 2276 4884 capitulo
2307 4802 2822 4889 quinquagesimo
2851 4800 3001 4867 libri
3046 4821 3088 4885 p
3107 4821 3188 4869 er
3233 4820 3348 4868 em
3392 4801 3622 4867 heru:

530 4910 691 4995 quod
737 4910 1088 4994 capitulum
1135 4907 1325 4976 efficit
1353 4930 1433 4978 ne
1475 4911 1659 4977 homo
1690 4911 2078 4997 ingrediatur
2107 4912 2314 4980 locum
2344 4913 2662 4997 supplicii,
2709 4914 2775 4980 et
2802 4913 2975 4980 locus
3005 4913 3127 4981 iste
3170 4932 3283 4998 per
3325 4912 3634 4979 culctrum

522 5022 585 5087 et
629 5022 884 5107 cippum
930 5023 1451 5104 repraesentatur.

682 5260 749 5331 (ἱ)
785 5261 1044 5331 Papirum
1080 5261 1182 5317 hoc
1220 5261 1573 5333 phototypice
1610 5266 2046 5333 repraesentatur
2081 5264 2138 5318 in
2174 5262 2366 5320 tabula
2397 5263 2474 5319 IV
2478 5263 2523 5319 ⁸.
