5034 6400
1873 610 2229 676 ..73-

676 751 973 836 Sequitur
1014 772 1156 839 pars
1200 752 1459 820 tabulae
1490 771 1622 836 cap.
1657 751 2009 820 CXLVIII.
2042 750 2340 836 Superest
2367 749 2570 838 figura
2598 750 2766 816 tauri
2802 748 3025 816 solaris
3056 768 3199 816 cum
3229 768 3420 816 vacca
3448 768 3616 835 sym·

497 863 720 939 bolica‚
768 865 834 930 et
877 883 1037 930 unus
1085 883 1157 930 ex
1200 864 1391 930 remis
1451 863 1755 949 mysticae
1800 863 1997 930 navis.
2057 862 2225 929 Huic
2285 860 2638 948 fragmento
2700 860 2868 927 male
2928 859 3258 945 conjuncta
3319 862 3417 927 est
3468 880 3614 945 pars

497 972 752 1041 inferior
794 974 1053 1041 tabulae
1098 994 1234 1059 cap.
1285 974 1424 1042 CLI
1470 974 1583 1041 ubi
1629 974 1934 1058 aspicitur
1977 972 2151 1040 canis
2182 972 2508 1058 sylvestris
2542 971 2644 1039 dei
2676 971 2921 1039 Anubis
2961 972 3133 1038 inter
3167 971 3288 1039 duo
3319 971 3620 1040 cadavera

499 1086 825 1152 exsiccata.
873 1083 1141 1151 Accedit
1186 1086 1608 1172 tragmentum
1654 1083 1830 1150 aliud
1885 1086 1950 1150 in
1997 1103 2118 1168 quo
2166 1086 2263 1150 est
2308 1083 2508 1170 figura
2555 1082 2886 1149 defunctae
2930 1082 3202 1170 genibus
3247 1082 3424 1149 flexis
3468 1085 3615 1151 aute

501 1199 630 1263 tres
676 1195 1070 1263 divinitates.

680 1306 970 1374 Inferiori
1017 1308 1182 1390 parti
1227 1306 1489 1373 tabulae
1525 1306 1758 1391 judicii
1805 1306 2093 1373 additum
2143 1310 2239 1374 est
2283 1305 2461 1373 aliud
2509 1306 2932 1393 fragmentum
2978 1306 3047 1372 in
3094 1324 3215 1390 quo
3259 1306 3526 1393 legitur:

607 1458 1024 1531 eap.xxxn·.

615 1578 777 1731 ,ἶ
896 1577 2189 1732 wnssessssne
2318 1575 2575 1731 ‘le
2713 1575 2865 1731 bs
3023 1577 3500 1728 14¹2&

573 1755 680 1822 Ro
727 1775 818 1824 en
996 1757 1163 1821 tum
1299 1760 1475 1822 etta
1630 1753 1890 1839 peshu
2113 1757 2202 1822 tu
2388 1759 2515 1821 sat
2740 1774 2853 1821 em
2941 1759 3170 1822 neter
3256 1778 3395 1839 xer

516 1867 883 1954 Capitulum
1018 1866 1167 1954 (quo
1215 1864 1320 1953 fit)
1367 1887 1443 1934 ne
1512 1865 1697 1934 dente
1741 1868 2041 1952 feriatur
2225 1867 2468 1935 mulier
2496 1864 2583 1953 (¹)
2632 1868 2705 1935 in
2736 1865 2969 1935 divina
3001 1871 3267 1952 reqione
3298 1872 3622 1956 inferiore

516 2162 1182 2408 ὼῦἓὲ
1284 2159 1582 2318 ΨΒ
1690 2203 1974 2278 ἅμ»-

1365 2340 1466 2417 ha
1659 2342 1740 2408 te
1892 2340 1925 2406 f

511 2451 592 2519 ab
607 2359 757 2521 nillo
851 2455 966 2540 qui
1009 2453 1197 2520 habet
1244 2459 1424 2521 retro
1475 2460 1670 2539 caput
1715 2361 1900 2519 egum
1930 2451 2035 2539 (²).

1351 3423 2161 3528 PAPYRUM
2241 3422 2793 3527 XXVI-¹³¹

1953 3845 2031 3912 N:
2085 3849 2189 3913 71.

693 4025 1140 4112 Fragmentum
1185 3978 1419 4094 litteris
1463 4025 1948 4111 hieroglyphicis
1994 4027 2353 4094 recentioris
2400 4028 2629 4094 aetatis
2675 4028 2826 4094 libri
2872 4048 3012 4114 per
3058 4049 3174 4097 em
3220 4030 3433 4096 heru.

692 4135 987 4219 Superest
1029 4157 1173 4221 pars
1218 4137 1471 4204 inferior
1515 4137 1772 4204 tabulae
1808 4137 2042 4222 judicii
2086 4157 2220 4222 cap.
2272 4138 2530 4218 CXXV,
2571 4139 2680 4205 sed
2725 4141 2893 4207 male
2940 4140 3263 4225 disposita.
3312 4141 3386 4209 In
3433 4143 3627 4219 textu,

516 4248 692 4333 cujus
736 4251 874 4315 octo
920 4250 1247 4316 columnae
1293 4252 1644 4334 supersunt,
1692 4250 1996 4315 formulae
2043 4252 2106 4317 et
2153 4250 2457 4316 dictiones
2515 4251 2824 4334 quaedam
2884 4251 3179 4339 leguntur
3223 4272 3355 4336 cap.
3405 4253 3629 4319 XVIII

510 4380 653 4427 cum
698 4359 1196 4427 invocationibus
1245 4359 1347 4427 dei
1394 4360 1444 4425 Τ
1463 4361 1620 4427 hot.
1684 4360 1925 4428 Nomen
1973 4362 2255 4428 defuncti
2303 4381 2422 4429 non
2473 4362 2755 4446 adparet.

685 4701 754 4771 (¹)
859 4739 872 4783 Ι
792 4662 1074 4814 *Q
1101 4720 1174 4758 sa
1209 4705 1293 4758 est
1331 4698 1488 4758 homo
1527 4718 1623 4757 seu
1660 4717 1889 4771 persona
1915 4701 2153 4771 quaeviS.
2180 4703 2287 4758 Hic
2313 4702 2575 4760 habemus
2602 4703 2827 4760 formam
2853 4704 3102 4761 feminini
3128 4706 3342 4778 generis
3423 4748 3489 4786 0
3383 4665 3634 4820 *R

509 4839 632 4901 sat,
669 4853 794 4892 nam
832 4854 1098 4909 papyrum
1134 4837 1371 4908 pertinet
1407 4836 1476 4892 ad
1511 4835 1793 4893 mulierem
1835 4843 1895 4891 ut
1931 4835 2185 4893 diximus.

684 4929 756 5000 (³)
794 4930 1051 4987 Scilicet.
1090 4928 1159 4987 ab
1197 4930 1299 4987 illo
1336 4928 1433 5003 qui
1472 4936 1638 5003 caput
1674 4935 1908 5003 torquet,
1948 4946 2042 4985 seu
2082 4946 2117 4986 a
2153 4938 2418 5005 serpente.

437 4792 474 4831 Ι

3174 5243 3235 5295 lo
