5034 6400
1865 579 2265 653 —103—

1311 1043 2142 1149 ·PAPYRUM
2249 1043 2786 1151 XLVI.lm

1901 1473 1981 1539 N.
2031 1476 2118 1540 94
2149 1473 2253 1560 (¹).

697 1652 838 1719 Duo
883 1669 1075 1737 parva
1119 1650 1472 1737 fragmenta
1500 1648 1738 1716 litteris
1769 1650 2093 1717 hieraticis
2138 1651 2291 1717 libri
2336 1672 2476 1735 per
2522 1673 2636 1718 em
2682 1654 2896 1720 heru.
2947 1651 3240 1737 Superest
3284 1653 3482 1738 figura
3529 1651 3626 1719 de·

523 1762 774 1829 functae
819 1764 884 1830 et
924 1781 1068 1846 pars
1120 1762 1377 1829 tabulae
1429 1762 1695 1846 capituli
1742 1762 2081 1828 LXXXIX
2141 1782 2301 1846 quae
2363 1764 2639 1830 animam
2700 1783 2883 1847 super
2943 1765 3205 1830 cadaver
3255 1765 3625 1830 volitantem

523 1876 784 1960 praebet
841 1876 908 1942 et
966 1874 1260 1959 exprimit
1318 1874 1596 1940 animam
1656 1893 1814 1958 quae
1875 1893 1942 1940 se
2003 1875 2242 1958 corpori
2278 1874 2514 1962 jnngit.
2580 1876 2907 1943 Pertinent
2950 1877 3103 1942 haec
3155 1876 3506 1961 fragmenta
3550 1874 3632 1942 ad

518 1986 695 2053 aliud
729 2005 1031 2071 papyrum
1066 1985 1231 2070 quod
1268 1986 1431 2052 infra
1469 1986 1849 2069 descriptum
1882 1986 2241 2053 exhibemus
2274 1986 2377 2073 (²).

1284 2716 2087 2819 PAPYRUM
2196 2715 2809 2820 XLVI].⁰¹¹

1891 3139 1969 3206 N.
2023 3140 2107 3207 95
2141 3138 2244 3227 (³).

695 3318 1147 3405 Fragmentum
1170 3318 1324 3386 libri
1368 3338 1510 3403 per
1554 3339 1670 3386 em
1711 3319 1756 3385 h
1776 3338 1912 3386 eru
1959 3319 2185 3387 aetatis
2211 3320 2568 3386 recentioris
2604 3323 2716 3387 aut
2745 3319 3161 3405 ptolemaicae
3195 3323 3305 3387 aut
3334 3338 3627 3386 romanae

522 3430 983 3499 dominationis.
1034 3429 1347 3516 Scriptum
1390 3430 1517 3498 fuit
1560 3450 1669 3515 pro
1714 3431 1978 3498 muliere
2023 3431 2126 3498 cui
2171 3450 2421 3498 nomen:

1753 3585 2373 3741 Φῐςῆψῑῃ

1782 3769 1867 3832 ar
2001 3764 2250 3831 nehar

692 3943 1028 4011 COLUMNA
1076 3942 1127 4007 Ι.
1177 3978 1266 3991 -
1313 3941 1675 4025 Capitulum
1725 3943 1865 4011 CLI
1911 3943 2044 4009 sine
2091 3942 2300 4008 titulo.
2349 3941 2422 4007 In
2469 3941 2692 4007 tabula
2736 3941 3000 4007 cadaver
3030 3960 3172 4007 cum
3206 3940 3350 4049 ‘diis
3411 3943 3624 4010 Anubi

519 4055 583 4121 et
624 4054 820 4121 Nefti.
866 4054 1041 4121 Infra
1087 4055 1266 4122 adest
1308 4054 1554 4121 Anubis
1600 4055 1717 4120 sub
1764 4054 1961 4122 forma
2005 4055 2178 4121 canis
2224 4053 2537 4121 silvestris
2583 4055 2748 4120 inter
2794 4051 2947 4120 duas
2994 4053 3377 4121 divinitates,

697 4276 1036 4345 Commu
1082 4276 1169 4341 112
1214 4312 1304 4325 —
1352 4275 1719 4361 Capitulum
1766 4275 1958 4343 CLII.
2018 4280 2169 4364 Cap.
2217 4298 2339 4365 quo
2388 4277 2787 4364 aedificatur
2846 4277 3067 4344 domus
3112 4296 3309 4364 super
3355 4286 3622 4346 terram.

520 4389 883 4456 Purificatio
929 4388 1258 4455 defunctae
1302 4387 1401 4455 bis
1444 4388 1734 4472 repetita.

696 4613 1030 4682 Commu
1080 4614 1202 4679 III.
1249 4651 1338 4662 —
1407 4612 1775 4698 Capitulum
1848 4614 2141 4683 CLXIII.
2214 4615 2399 4682 Oculi
2467 4614 2708 4682 mistici
2767 4633 2954 4698 super
3012 4633 3190 4680 crura
3251 4615 3316 4680 et
3376 4631 3624 4696 serpens

518 4723 826 4793 misticus.
886 4728 1035 4813 Cap.
1083 4746 1203 4812 quo
1247 4731 1326 4810 fit
1371 4745 1449 4795 ne
1494 4745 1727 4812 corpus
1772 4729 2251 4813 corruptionem
2299 4724 2541 4794 videat.

684 4887 751 4959 (¹)
786 4888 853 4944 In
887 4905 1072 4945 museo
1111 4887 1244 4945 Tab.
1281 4888 1448 4943 XXV.

708 4982 757 5051 ²)
794 4982 929 5038 Vide
965 4982 1210 5039 tabulam
1246 4982 1396 5038 XI⁸¹²
1430 4984 1622 5039 musei.

673 5075 745 5146 (³)
779 5074 846 5131 Iu
880 5093 1063 5133 museo
1102 5075 1236 5133 Tab.
1272 5076 1438 5133 XXV.
1477 5107 1544 5117 —
1584 5076 1886 5148 Champoll.
1923 5077 2034 5134 tab.
2072 5076 2158 5134 111
2194 5080 2302 5134 litt.
2340 5078 2402 5143 B,
2441 5094 2566 5149 pag.
2607 5077 2689 5133 18.
