5034 6400
40 742 49 765 ΙΙ
36 300 49 687 Α-ᾼίὴᾈ-ΙΙ-ᾓ
38 0 58 253 *1

1352 1234 2169 1337 PAPYRUM
2259 1231 2766 1341 ΧΥΙΙ.ΠΜ

1602 1667 1682 1733 Ν.
1731 1670 1837 1735 60.
1883 1663 2172 1737 Folium
2217 1664 2539 1736 unicum.

696 1851 1010 1936 Papyrum
1054 1848 1291 1916 litteris
1337 1845 1659 1914 hieraticis
1707 1851 1771 1913 et
1812 1846 2030 1933 figuris
2075 1846 2252 1933 nigro
2298 1845 2495 1913 colore
2545 1845 2810 1929 depictis
2855 1845 3268 1925 illustratum,
3301 1811 3625 1913 continens

516 2010 763 2092 partem
807 2007 959 2074 libri
1018 1961 1900 2142 :ffRff-Jssssper
1944 2023 2060 2070 em
2104 2002 2321 2070 heru.

695 2190 982 2259 Pertinet
1028 2191 1109 2257 ad
1153 2190 1487 2275 quemdam
1542 2162 1677 2269 -Ϊῖ
1719 2159 2396 2314 ξἧῗῗὲῗκΝθεχεηη,
2444 2187 2652 2255 filium
2698 2188 2981 2255 mulieris
3023 2187 3181 2309 g
3206 2159 3282 2314 j
3311 2158 3516 2314 Q&
3544 2160 3618 2314 ffl

521 2340 563 2406 S
581 2341 659 2407 et
674 2344 711 2407 a
727 2339 814 2406 rb
832 2344 869 2406 a
884 2340 992 2405 nt.
1039 2338 1309 2406 Videtur
1352 2340 1581 2407 aetatis
1624 2340 1900 2407 saiticae.

700 2450 859 2518 Cum
901 2469 1207 2536 papyrum
1253 2450 1368 2518 hoc
1412 2450 1683 2535 perfecte
1714 2451 2031 2536 integrum
2061 2452 2501 2532 servatumque
2533 2448 2638 2527 sit,
2674 2451 2739 2516 et
2769 2447 2992 2515 nitidis
3022 2449 3258 2517 litteris
3290 2451 3630 2529 exaratum,

522 2563 807 2647 quamvis
853 2580 1117 2646 parvum
1164 2563 1464 2647 praebeat
1507 2562 1941 2647 compendium
1986 2561 2182 2627 totius
2229 2560 2606 2639 documenti,
2661 2559 2835 2626 istud
2878 2559 2960 2626 ad
3003 2561 3240 2627 calcem
3270 2559 3634 2648 {voluminis

520 2673 920 2759 phototypice
974 2691 1327 2756 expressum
1375 2673 1560 2740 datur
1604 2672 1964 2758 speciminis
2017 2672 2241 2758 gratia,
2292 2672 2357 2739 et
2402 2674 2609 2738 textus
2656 2671 2995 2739 hieraticus
3041 2673 3284 2759 integer
3329 2672 3633 2760 hierogly-

523 2786 707 2872 phice
754 2784 1167 2869 transcriptus
1212 2785 1409 2852 latine
1453 2785 1919 2870 interpretatur,
1965 2785 2075 2852 sed
2120 2785 2425 2868 quantum
2470 2784 2605 2851 fieri
2649 2785 2856 2868 potest
2901 2785 2983 2851 ad
3024 2784 3307 2851 litteram
3341 2783 3445 2871 (¹).

705 2967 1046 3036 Comum
1091 2968 1145 3034 Ι.
1192 2968 1452 3035 Pictura
1499 2968 1752 3036 exhibet
1796 2968 2157 3036 defunctum
2208 2967 2473 3054 genibus
2534 2967 2711 3035 flexis
2757 2968 2902 3036 ante
2949 2967 3314 3053 accipitrem
3359 2968 3633 3036 humano

520 3077 728 3163 capite
776 3077 1087 3167 insignem
1135 3079 1243 3162 qui
1290 3078 1565 3145 animam
1612 3078 1949 3164 symbolice
1996 3079 2306 3163 exprimit.
2355 3077 2705 3146 Defunctus
2750 3097 2940 3146 manu
2987 3078 3245 3145 sinistra
3275 3097 3385 3145 vas
3432 3079 3633 3147 cordis

524 3190 707 3277 gerit,
755 3189 1002 3257 scilicet
1046 3189 1382 3275 mysticum
1431 3189 1745 3258 emblema
1789 3190 2105 3258 actionum
2151 3209 2308 3275 quas
2354 3190 2421 3256 in
2466 3189 2686 3257 mundi
2715 3190 2850 3258 vita
2879 3191 3175 3274 patravit,
3210 3193 3275 3258 et
3321 3190 3634 3258 dexteram

530 3302 740 3369 elevat
785 3302 866 3368 ad
911 3303 1111 3369 instar
1155 3299 1409 3368 orantis.

660 3457 791 3528 Cap.
828 3457 1022 3514 XXVI.
1059 3457 1230 3513 Linea
1263 3457 1307 3512 1.

584 3574 897 3736 ³==7A¹÷
1065 3579 1507 3731 Med
1614 3574 2058 3735 ΞῙἪ)
2157 3573 2282 3730 Μ
2589 3573 2890 3727 mm
3071 3572 3620 3729 XM&

616 3749 844 3832 tet-u
1070 3760 1165 3822 an
1269 3759 1454 3821 asar
1600 3753 1947 3837 Nesxem
2036 3772 2367 3837 maxeru
2559 3772 2721 3819 mes
2769 3772 2860 3819 en
3143 3751 3596 3820 Setarbant

530 3867 657 3932 Res
703 3863 1016 3934 dicendae
1102 3887 1145 3933 a
1219 3864 1522 3952 defuneto
1599 3864 1660 3931 N
1679 3884 1944 3947 eszem
2012 3867 2381 3952 justificato
2444 3872 2595 3933 nalo
2645 3864 2724 3931 de
2755 3865 3028 3933 muliere
3146 3864 3596 3933 Setarbant

673 4160 798 4317 Η
1081 4162 1389 4314 ῡιέῗ

575 4361 907 4424 maxeru
1041 4340 1220 4416 bati
1308 4344 1346 4406 a

520 4456 953 4543 justificatae.
1071 4456 1195 4520 Cor
1218 4470 1445 4518 meum

1922 4050 3197 4059 --———-—-——--—————————-——-———0

703 4719 778 4792 (1)
812 4720 878 4775 In
913 4737 1100 4776 museo
1140 4719 1273 4776 Tab.
1310 4720 1424 4775 XV.
1460 4721 1525 4775 In
1564 4721 1722 4776 catal.
1762 4719 2027 4790 Campoll.
2067 4718 2199 4775 Tab.
2232 4720 2330 4774 XV
2355 4719 2466 4774 litt.
2494 4717 2556 4785 C,
2582 4717 2675 4774 ubi
2705 4717 3036 4775 adtribuitur
3061 4718 3275 4774 cuidam
3312 4718 3653 4776 Nesiman·

521 4816 606 4871 du
656 4814 771 4870 filio
820 4813 1063 4869 mulieris
1100 4813 1153 4868 N
1170 4813 1486 4869 nabendi.
1525 4814 1642 4868 Hoc
1678 4830 1939 4884 papyrum
1977 4831 2104 4884 prae
2143 4813 2268 4868 aliis
2305 4812 2375 4868 ad
2424 4813 2695 4885 integram
2746 4813 3248 4883 interpretationem
3297 4811 3484 4883 selegi,
3523 4813 3653 4882 quia

521 4908 662 4965 illud
697 4907 861 4963 etiam
900 4926 933 4963 a
969 4906 1404 4978 champollionio
1430 4909 1487 4962 in
1533 4926 1629 4963 suo
1673 4908 1922 4979 catalogo
1960 4907 2343 4979 xylographice
2381 4924 2691 4977 expressum
2728 4907 2854 4973 fuit,
2894 4907 2988 4963 sed
3026 4905 3227 4978 absque
3265 4906 3380 4962 ulla
3416 4905 3649 4976 philolo·

525 5003 650 5072 gica
686 5001 1150 5071 interpretatione.

701 5093 770 5164 (²)
804 5094 973 5150 Deest
1008 5095 1223 5165 signum
1261 5096 1732 5154 determinativum
1771 5094 2015 5150 defuncti
2053 5098 2115 5149 ut
2151 5095 2314 5149 etiam
2353 5093 2496 5149 infra
2535 5092 2868 5150 observatur.
