5034 6400
2802 611 3153 678 -36-

2623 972 2701 1039 Ν.
2747 972 2855 1038 42.
2900 969 3187 1042 Folium
3229 971 3358 1042 III.

1624 1195 1958 1263 COLUMNA
2003 1197 2055 1262 I.
2098 1195 2388 1264 Continet
2417 1195 2607 1262 finem
2637 1196 2900 1279 capituli
2937 1196 3259 1264 CXXVII.
3294 1197 3589 1282 Sequitur
3619 1197 3847 1265 titulus
3878 1197 4141 1283 capituli
4175 1197 4530 1269 CXXVIII.

2642 1349 3118 1601 *ἓξὲξ
3220 1352 3481 1593 11.ῗέ

2708 1633 3013 1703 adoratio
3189 1635 3492 1704 Osiridis.

1622 1792 1878 1858 Pietma
1922 1791 2172 1858 exhibet
2215 1792 2340 1857 tres
2387 1789 2532 1857 deos
2569 1789 2857 1858 ,sedentes
2902 1792 2968 1858 et
3010 1792 3151 1875 post
3194 1790 3341 1856 illos
3404 1790 3765 1858 defunctum
3831 1794 4109 1859 orantem
4154 1796 4300 1861 ante
4360 1794 4412 1877 Ο
4429 1814 4459 1860 s
4474 1794 4528 1860 i·
4561 1828 4568 1835 ·

1444 1903 1626 1971 ride
1645 1924 1710 1968 m
1756 1903 1943 1969 altari
1988 1901 2367 1985 interposito.

1626 2128 1961 2196 COLUMNA
2004 2128 2091 2193 Π.
2142 2127 2432 2195 Continet
2473 2128 2715 2211 partem
2758 2127 3022 2210 capituli
3085 2108 3357 2194 CXXI‘X
3417 2127 3551 2195 sine
3617 2127 3824 2206 titulo,
3893 2127 4001 2211 qui
4072 2130 4204 2195 erat
4271 2128 4527 2195 fortasse

1443 2259 1631 2324 supra
1675 2241 1982 2323 picturam
2027 2238 2201 2323 cujus
2246 2241 2490 2305 tantum
2536 2238 2787 2305 inferior
2828 2255 2971 2322 pars
3017 2240 3300 2321 superest
3341 2239 3416 2304 ut
3459 2238 3526 2304 in
3571 2238 3969 2322 sequentibus
4012 2239 4334 2307 columnis.

1542 2363 1756 2428 Titulus
1793 2388 1909 2442 cap.
1949 2369 2182 2426 CXXIX.

1629 2491 1824 2557 Liber
1856 2487 2250 2575 perficiendi
2295 2487 2609 2555 hominem
2655 2494 2726 2554 ut
2769 2488 2904 2573 ipse
2950 2485 3253 2554 ascendat
3299 2488 3371 2554 in
3414 2488 3786 2554 naviculam
3841 2488 4018 2556 Solis
4063 2506 4205 2555 cnm
4235 2487 4347 2555 deo
4381 2489 4518 2556 illo.

1627 2713 1963 2781 COLUMNA
2008 2711 2129 2777 111.
2180 2709 2469 2779 Continet
2511 2713 2754 2794 partem
2798 2709 3061 2793 capituli
3108 2706 3346 2776 CXXX
3392 2710 3526 2776 sine
3570 2710 3780 2778 titulo.

1543 2845 1757 2900 Titulus
1795 2861 1909 2915 cap.
1947 2842 2155 2899 CXXX.

1627 2964 1827 3031 Liber
1870 2961 2257 3049 vivificandi
2299 2965 2586 3030 animam
2629 2963 2701 3029 in
2745 2969 3073 3029 aeternnm
3106 2969 3176 3028 nt
3220 2963 3368 3046 ipsa
3413 2959 3715 3028 ascendat
3755 2964 3826 3029 in
3857 2962 4221 3028 naviculam
4257 2963 4433 3031 Solis
4463 2972 4525 3029 et

1430 3082 1672 3161 perqat
1716 3073 1803 3140 ad
1846 3072 2133 3141 dominos
2175 3076 2463 3158 reqionis
2509 3074 2746 3154 Tuau.
2802 3073 3103 3158 Scriptus
3148 3078 3240 3139 est
3286 3075 3358 3139 in
3403 3072 3509 3140 die
3555 3074 3800 3140 natalis
3847 3071 4223 3139 Osiridis.

1623 3298 1958 3366 COLUMNA
2003 3297 2117 3363 IV.
2166 3296 2455 3364 Continet
2497 3297 2740 3379 partem
2784 3294 3047 3378 capituli
3094 3295 3364 3362 CXXXI
3409 3296 3541 3363 sine
3586 3295 3796 3363 titulo.

1541 3431 1758 3487 Titulus
1797 3447 1912 3501 cap.
1952 3428 2187 3485 CXXXI.
2251 3467 2255 3478 ·

1631 3549 1995 3635 Capitulum
2040 3548 2302 3615 itineris
2342 3545 2644 3634 faciendi
2688 3545 2774 3613 ad
2819 3550 3059 3615 coelum
3092 3556 3247 3633 post
3291 3546 3473 3614 deum
3518 3547 3643 3612 ΒΞ.

1622 3772 1958 3840 COLUMNA
2004 3772 2080 3837 V.
2131 3770 2421 3838 Continet
2464 3772 2705 3853 partem
2751 3769 3013 3853 capituli
3059 3771 3400 3838 CXXXIII
3445 3772 3578 3840 sine
3622 3772 3829 3839 titulo.

1539 3904 1753 3960 Titulus
1790 3920 1907 3974 cap.
1944 3900 2236 3981 CXXXIII.

1620 4022 1822 4088 Liber
1844 4023 1958 4108 qui
1981 4020 2098 4088 dat
2107 4022 2579 4107 perfectionem
2604 4019 2904 4106 defuncto
2937 4021 3024 4117 in‘
3037 4019 3244 4088 medio
3273 4022 3464 4089 Solis.
3499 4021 3798 4126 Seniptns
3830 4029 3924 4088 est
3953 4022 4023 4088 in
4046 4020 4152 4089 die
4181 4022 4430 4089 mensis.
4458 4070 4473 4086 .
4503 4073 4515 4086 .

1621 4244 1956 4311 COLUMNA
2001 4243 2113 4309 VI.
2163 4242 2453 4310 Continet
2494 4246 2736 4326 partem
2782 4243 3046 4328 capituli
3094 4242 3423 4310 CXXXVI
3471 4244 3603 4311 sine
3647 4244 3858 4311 titulo·
3880 4244 3955 4310 ut
3998 4263 4200 4328 supra.

1540 4378 1756 4434 Titulus
1795 4394 1911 4448 cap.
1951 4375 2235 4431 CXXXVI.

1618 4493 1824 4563 Aliud
1869 4493 2221 4579 capitulum
2265 4495 2578 4579 scriptum
2624 4496 2694 4561 z‘n
2736 4493 2905 4579 festo
2953 4493 3088 4561 diei
3133 4501 3371 4571 sextae,
3408 4500 3685 4580 propter
3739 4492 3908 4560 diem
3966 4495 4402 4578 naviyationz‘s
4448 4497 4516 4560 in

1439 4610 1748 4675 navicula
1801 4607 1995 4673 Solis.

1620 4831 1954 4898 COLUMNA
1999 4830 2143 4897 VII.
2196 4830 2484 4899 Continet
2527 4833 2769 4915 partem
2813 4830 3078 4913 capituli
3125 4829 3508 4897 CXXXVII-
3538 4829 3672 4897 sine
3716 4830 3904 4897 titulo
3951 4831 4025 4897 ut
4067 4849 4272 4915 supra..

1538 4964 1755 5019 Titulus
1792 4980 1907 5035 cap.
1947 4961 2260 5019 CXXXVII.

1625 5083 1989 5169 Capitulum
2035 5100 2159 5166 quo
2206 5082 2285 5167 fit
2327 5087 2400 5148 ut
2445 5081 2712 5165 flamma
2760 5077 3083 5147 ascendat.
