5034 6400
2736 596 3136 660 —102—

1550 735 1887 803 COLUMNA
1933 736 2050 804 IX.
2111 771 2199 784 —
2268 735 2417 819 Cap.
2467 735 2747 811 XXVII,
2807 738 2955 823 Cap.
3004 735 3171 821 qnod
3206 737 3511 823 prohibet
3556 744 3628 805 ut
3673 757 3790 806 cor
3835 739 4085 808 homini
4129 743 4485 828 auferatur

1374 849 1443 914 z‘n
1487 849 1720 916 divina
1763 850 2026 933 reqione
2080 849 2428 933 inferiore.
2492 867 2634 914 cum
2681 848 2917 914 tabula.
2964 884 3053 897 —
3100 847 3250 932 Gap.
3299 849 3485 924 XXX
3532 868 3676 916 cum
3723 851 3914 919 titulo
3960 852 4125 936 quod
4172 857 4268 921 est
4311 875 4486 941 prae-

1373 960 1617 1027 cedenti
1663 959 1893 1026 simile.
1942 996 2029 1015 —
2077 959 2229 1046 Cap.
2275 960 2507 1026 XLIV.
2558 960 2633 1027 In
2678 960 2902 1028 tabula
2947 961 3128 1028 adest
3171 961 3464 1029 defuncta
3510 965 3656 1029 ante
3703 963 4034 1031 Osiridem.

1553 1185 1891 1253 COLUMNA
1924 1185 2006 1251 X.
2030 1220 2119 1233 —
2144 1184 2294 1270 Cap.
2321 1183 2515 1249 XLV.
2555 1188 2703 1272 Cap.
2730 1184 2899 1272 qnod
2923 1189 3176 1253 evitare
3204 1187 3379 1272 facit
3414 1190 3911 1275 corruptionem.
3945 1225 4035 1238 —
4065 1188 4215 1273 Gap.
4248 1191 4479 1257 XLVI.

1384 1302 1529 1385 Cap.
1579 1319 1656 1366 ne
1701 1299 2005 1366 damnum
2048 1301 2170 1385 fiat
2214 1298 2278 1363 ei
2320 1300 2437 1385 qni
2480 1298 2651 1365 vivit
2698 1302 2769 1364 z‘n
2813 1297 3045 1364 divina
3093 1300 3352 1383 reqione
3400 1300 3750 1385 inferiore.
3797 1300 3873 1365 In
3906 1302 4128 1368 tabula
4159 1303 4337 1371 adest
4371 1304 4478 1371 de·

1372 1411 1587 1476 functa
1633 1413 1777 1477 ante
1825 1411 2223 1477 divinitatem
2269 1428 2412 1476 cum
2458 1428 2569 1475 ara
2614 1409 3027 1476 oblationum.
3075 1446 3162 1458 —
3210 1409 3361 1495 Cap.
3410 1411 3657 1477 XLVII
3700 1431 3845 1479 cum
3904 1413 4124 1480 tabula
4174 1414 4285 1482 sed
4344 1417 4479 1483 sine

1374 1522 1585 1588 titulo.
1632 1558 1721 1570 —
1768 1521 1918 1606 Cap.
1966 1521 2270 1588 XLVIII.
2319 1519 2637 1587 Defuncta
2681 1540 2824 1586 cum
2869 1521 3089 1588 baculo
3137 1526 3282 1589 ant-e
3321 1541 3511 1589 aram.
3556 1526 3703 1610 Cap.
3752 1544 3873 1611 quo
3924 1525 4106 1594 homo
4156 1529 4297 1595 exit
4344 1547 4483 1595 cum

1377 1637 1676 1702 veritate.
1723 1671 1812 1682 -
1859 1633 2012 1717 Cap.
2051 1632 2263 1699 XLIX
2311 1652 2455 1699 cum
2500 1633 2740 1699 tabula.
2801 1637 2949 1721 Cap.
3000 1655 3121 1721 quo
3174 1636 3353 1702 homo
3403 1638 3545 1704 escit
3590 1643 3819 1703 contra
3865 1638 4189 1706 inimicos.

1555 1835 1892 1903 COLUMNA
1939 1835 2053 1900 XI.
2102 1869 2191 1881 —
2222 1833 2370 1918 Cap.
2405 1833 2456 1898 L
2489 1852 2633 1899 cum
2663 1834 2903 1899 tabula.
2947 1837 3096 1921 Cap.
3146 1855 3222 1902 ne
3270 1836 3450 1902 homo
3499 1843 3606 1902 eat
3650 1834 3738 1901 ad
3781 1836 3990 1904 locum
4034 1840 4366 1925 supplicii.
4394 1876 4483 1887 —

1377 1949 1526 2031 Cap.
1561 1948 1702 2013 LII.
1740 1947 2052 2013 Defuncta
2082 1964 2225 2011 cum
2272 1944 2494 2011 baculo
2543 1948 2689 2012 ante
2736 1944 3137 2012 divinitatem
3182 1966 3326 2012 cum
3356 1965 3464 2012 ara
3509 1945 3918 2013 oblationum.
3977 1951 4124 2036 Cap.
4173 1969 4251 2017 ne
4298 1952 4476 2019 homo

1377 2059 1667 2127 comedat
1711 2078 1816 2126 res
1863 2057 2246 2126 immundas.
2295 2092 2384 2104 —
2431 2056 2584 2140 Cap.
2634 2056 2811 2124 LIII.
2870 2057 3184 2124 Defuncta
3237 2061 3379 2125 ante
3434 2057 3830 2126 divinitatem
3876 2078 4018 2126 cum
4065 2080 4172 2127 ara
4208 2081 4269 2128 u.
4317 2080 4368 2128 e.
4417 2069 4481 2129 et
4623 2087 4628 2092 ·

1374 2190 1519 2238 cum
1564 2170 1768 2236 simili
1813 2170 2026 2236 titulo.

1555 2372 1892 2440 COLUMNA
1938 2371 2088 2438 XII.
2143 2408 2230 2420 —
2287 2370 2436 2453 Cap.
2491 2368 2864 2436 XXXVIII.
2913 2368 3225 2435 Defuncta
3267 2367 3478 2434 velam
3531 2371 3849 2436 extensam
3907 2372 4074 2457 gerit
4133 2377 4279 2441 ante
4340 2376 4479 2442 Osi-

1374 2485 1592 2552 ridem.
1652 2489 1799 2572 Cap.
1849 2504 1970 2571 quo
2020 2488 2201 2551 homo
2252 2486 2423 2550 vivit
2469 2503 2553 2549 esc
2600 2481 3143 2566 insufflationibus
3188 2515 3276 2528 —
3324 2479 3472 2563 Gap.
3522 2480 3690 2546 LIV.
3737 2484 3883 2567 Cap.
3917 2483 4088 2569 qnod
4118 2484 4235 2553 dat
4264 2489 4479 2574 insuf-

1374 2599 1674 2681 stationes
1720 2598 1984 2664 homini.
2031 2631 2120 2643 —
2168 2594 2318 2678 Cap.
2369 2594 2537 2660 LVI.
2585 2594 2901 2662 Defuncta
2941 2593 3147 2660 velam
3190 2610 3407 2678 gerens
3459 2611 3521 2658 u.
3568 2611 3618 2657 e.
3667 2611 3810 2658 cum
3858 2591 4074 2661 eodem
4120 2596 4333 2665 titulo.

1555 2801 1892 2868 COLUMNA
1939 2799 2126 2865 XIII.
2151 2835 2238 2847 —
2265 2798 2413 2882 Cap.
2448 2797 2631 2863 LVII
2663 2817 2805 2864 cum
2838 2795 3073 2862 tabula.
3122 2800 3271 2883 Cap.
3308 2818 3428 2884 qno
3462 2799 3873 2884 inspirantur
3896 2799 4482 2884 insufflatione&—

1377 2914 1526 2998 Cap.
1576 2914 1743 2979 LIX.
1802 2915 1952 2999 Cap.
2001 2932 2123 2998 qno
2174 2912 2355 2978 lzomo
2405 2930 2640 2997 aquam
2686 2909 2903 2978 bibere
2945 2916 3155 2994 potest
3202 2912 3272 2976 in
3320 2910 3554 2978 divina
3599 2912 3858 2995 reqione
3905 2913 4245 2998 inferiore.

1552 3116 1891 3184 COLUMNA
1937 3115 2112 3181 XIV.
2160 3151 2249 3163 —
2296 3114 2447 3198 Cap.
2512 3115 2647 3180 LX.
2704 3113 3018 3180 Defuncta
3075 3114 3579 3198 purificationem
3630 3113 3858 3201 recipit
3911 3133 3950 3181 a
4000 3135 4190 3182 manu
4243 3135 4401 3201 quae
4448 3137 4481 3183 e

1374 3230 1671 3295 sicomoro
1716 3228 1924 3311 prodit
1968 3247 2112 3294 cum
2159 3228 2373 3294 eodem
2418 3226 2628 3293 titulo.
2661 3262 2750 3274 —
2798 3227 2948 3309 Cap.
2998 3226 3340 3292 LXXXIX
3387 3246 3529 3293 cum
3575 3227 3795 3293 tabula
3841 3228 4110 3294 volucris
4156 3248 4340 3312 super
4383 3247 4479 3296 ca·

1373 3341 1561 3407 daver
1619 3340 1944 3407 volitantis
2006 3359 2116 3405 seu
2173 3340 2421 3406 animae
2482 3339 2793 3405 humanae
2853 3336 3017 3423 (Ba)
3058 3326 3240 3421 'quae
3302 3357 3369 3405 se
3428 3339 3668 3421 corpori
3728 3338 3960 3405 iterum
4010 3338 4245 3426 Jungit.
4328 3345 4474 3429 Cap.

1374 3473 1495 3540 qno
1544 3454 1768 3520 anima
1814 3453 2083 3539 corpori
2124 3471 2189 3518 se
2223 3451 2473 3538 junqit.

1553 3657 1892 3724 COLUMNA
1937 3655 2079 3722 XV.
2126 3691 2216 3703 —
2262 3655 2411 3740 Cap.
2463 3654 2532 3721 C.
2582 3673 2725 3721 cum
2769 3653 3007 3720 tabula.
3069 3657 3219 3741 Cap.
3268 3675 3388 3741 qno
3453 3655 3675 3722 anima
3735 3658 4001 3741 corpori
4044 3673 4111 3721 se
4144 3655 4373 3742 junqz't
4418 3665 4477 3723 et

1371 3773 1507 3857 ipse
1552 3769 1802 3837 aceedit
1849 3767 1938 3836 ad
1983 3769 2355 3836 naviculam
2399 3768 2576 3835 solis.
2621 3803 2711 3816 —
2759 3767 2910 3853 Cap.
2961 3765 3045 3833 01
3104 3786 3246 3832 cum
3308 3766 3548 3833 tabula.
3616 3771 3764 3854 Gap.
3809 3770 4243 3854 protectionis
4294 3769 4478 3835 navi-

1373 3884 1555 3951 culae
1600 3884 1777 3950 solz‘s.
1828 3879 2000 3947 Infra
2044 3881 2383 3964 repetitum
2426 3878 2661 3965 legitur
2708 3879 2877 3947 idem
2922 3878 3271 3963 capitulum
3321 3878 3448 3945 Οιιιιιὶ
3497 3898 3640 3945 cum
3689 3878 3902 3946 eadem
3948 3880 4187 3969 tabula.

1550 4085 1886 4152 COLUMNA
1933 4083 2110 4149 XVI.
2158 4118 2247 4130 —
2294 4081 2443 4165 Cap.
2494 4080 2733 4148 CLXII
2780 4099 2926 4146 cum
2970 4079 3205 4145 tabula.
3264 4082 3416 4166 Gap.
3469 4078 3639 4166 quod
3684 4079 4015 4163 flammam
4074 4083 4321 4149 excitat
4364 4084 4476 4150 cub

1370 4225 1581 4311 capite
1612 4222 1924 4309 defuncti.
1957 4222 2059 4288 Ad
2089 4222 2330 4288 calcem
2371 4222 2721 4304 postremae
2767 4218 3089 4285 columnae
3134 4216 3437 4301 scriptum
3483 4220 3582 4284 est
3638 4188 3730 4342 Ψ]
3842 4226 3909 4305 Q
3938 4221 3971 4281 ῑ
4013 4238 4114 4302 pu
4158 4239 4270 4286 seu
4298 4222 4472 4306 finis,

1368 4354 1443 4416 ut
1488 4349 1555 4415 in
1600 4349 1978 4432 quibusdam
2023 4345 2171 4414 aliis
2216 4347 2465 4430 papyris
2513 4348 2611 4410 est
2654 4343 3107 4411 observandum
3153 4339 3257 4428 (¹).

1547 4550 1722 4617 Haec
1766 4549 2035 4617 formula
2080 4547 2410 4632 respondet
2454 4545 2758 4612 formulae
2804 4545 3080 4631 explicit
3124 4563 3283 4629 quae
3329 4563 3514 4629 saepe
3564 4545 3628 4611 in
3673 4546 3795 4613 fine
3825 4547 4108 4615 codicum
4139 4546 4476 4614 latinorum

1370 4662 1621 4750 legitur.

1536 4943 1604 5013 (¹)
1643 4943 1748 4998 Est
1782 4939 2159 5012 compendium
2196 4938 2460 4994 formulae
2521 4896 2574 5050 ss
2602 4895 2638 5050 Q
2667 4896 2771 5050 λ
2803 4899 2872 5049 ἓ
2901 4893 2942 5047 g
2969 4919 3128 5019 ἒ
3160 4934 3216 4989 ii
3251 4953 3334 5006 pu
3370 4936 3584 5003 neser,
3622 4954 3717 4992 seu
3767 4935 3899 4993 bene
3935 4944 4118 4995 actum
4156 4946 4255 4995 est.
