5034 6400
1869 597 2222 661 -91-

1256 1271 2073 1376 PAPYRUM
2168 1266 2869 1375 XXXVI.mi

1380 1666 1459 1731 N.
1511 1668 1594 1732 83
1643 1666 1729 1751 (v.
1777 1665 2032 1731 tabulas
2078 1666 2144 1731 in
2190 1664 2313 1730 fine
2357 1662 2748 1748 voluminis).

680 1847 997 1932 Papyrum
1040 1846 1274 1912 litteris
1320 1845 1642 1912 hieraticis
1691 1847 2010 1911 exaratum
2058 1847 2122 1909 et
2165 1847 2432 1927 quatuor
2455 1844 2760 1909 columnis
2794 1844 3106 1920 constans,
3138 1842 3356 1928 figuris
3388 1861 3618 1910 carens.

508 1959 585 2024 ln
631 1958 914 2044 catalogo
961 1956 1452 2040 Champossionii
1498 1975 1821 2039 perperam
1867 1956 2250 2039 descriptum
2298 1956 2422 2021 fuit
2467 1957 2655 2039 prout
2692 1954 3015 2020 continens
3045 1953 3267 2019 titulos
3315 1956 3379 2019 et
3423 1953 3623 2040 elogia

511 2069 779 2154 alicujus
824 2070 1171 2136 Pharaonis
1215 2068 1388 2136 hisce
1433 2068 1641 2135 verbis
1677 2066 1862 2151 juxta
1909 2067 2249 2134 editionem
2296 2086 2484 2151 quam
2533 2067 2710 2134 dedit
2752 2066 3038 2153 Angelus
3085 2065 3327 2151 Majus:
3391 2094 3416 2124 ι
3460 2069 3614 2134 0οη-

515 2184 679 2251 tiene
723 2184 824 2268 qli
870 2183 1117 2249 encoma·
1163 2179 1242 2247 ed
1286 2182 1340 2247 ic
1381 2183 1766 2265 paneqz‘rz'co
1815 2179 1890 2248 di
1934 2199 2023 2246 zm
2068 2198 2141 2245 re
2189 2197 2308 2245 eon
2359 2180 2419 2245 le
2468 2178 2609 2245 lodi
2641 2177 2719 2245 ed
2766 2180 2794 2244 i
2839 2179 2996 2245 vari
3025 2178 3206 2245 titoli
3237 2177 3312 2244 di
3340 2196 3425 2244 un
3452 2198 3627 2264 qran

513 2313 774 2362 numero
822 2293 897 2361 di
944 2293 1069 2359 Dei
1103 2294 1463 2378 protettori
1493 2289 1577 2377 (¹)
1610 2318 1671 2355 v.
1720 2289 1852 2358 Nec
1898 2290 2163 2355 mirum:
2214 2309 2360 2355 nam
2407 2290 2733 2356 observare
2781 2289 3022 2371 oportet
3053 2288 3219 2370 quod
3251 2307 3320 2355 eo
3352 2291 3627 2373 tempore

514 2407 856 2490 scripturae
904 2403 1244 2470 hieraticae
1289 2403 1568 2469 nondum
1611 2404 1785 2469 recta
1829 2401 2262 2484 interpretatio
2310 2401 2389 2466 ab
2452 2399 2878 2486 aegyptologis
2938 2400 3194 2466 inventa
3250 2400 3473 2472 fuerat.
3522 2400 3632 2468 sed

513 2519 760 2583 tantum
805 2516 987 2602 signa
1032 2513 1220 2599 hujus
1266 2513 1643 2581 characteris
1690 2512 2179 2597 explicabantur.
2233 2521 2244 2534 ·

692 2626 1008 2711 Papyrum
1053 2625 1216 2691 nihil
1274 2642 1523 2711 prorsus
1586 2623 1775 2709 hujus
1832 2624 2079 2711 generis
2141 2623 2415 2702 exhibet,
2478 2624 2589 2690 sed
2650 2603 2926 2692 continet
2983 2627 3227 2692 textum
3294 2624 3626 2710 magicum,

516 2738 762 2805 scilicet
804 2736 1106 2804 formulas
1154 2739 1218 2802 et
1273 2735 1739 2820 deprecationes
1794 2735 2096 2819 quasdam
2161 2736 2457 2802 adversus
2518 2735 2882 2802 divinitates
2941 2736 3279 2813 maleficas,
3320 2737 3634 2818 serpentes

517 2852 582 2915 et
625 2849 873 2916 caetera
918 2846 1222 2913 animalia
1268 2847 1505 2915 nociva.
1557 2846 2050 2931 compositiones
2096 2865 2306 2913 sacrae
2360 2846 2550 2932 hujus
2597 2849 2857 2914 naturae
2891 2848 3059 2914 haud
3091 2848 3442 2930 frequentes
3487 2849 3635 2912 sunt

515 2959 581 3023 in
627 2956 991 3044 aegyptiaca
1035 2956 1362 3023 literatura
1393 2958 1456 3022 et
1487 2956 1554 3021 in
1585 2955 1950 3022 collectione
1984 2957 2198 3022 nostra
2227 2957 2517 3022 vaticana
2546 2976 2855 3041 papyrum
2885 2957 3000 3023 hoc
3030 2957 3285 3022 unicum
3319 2959 3415 3022 est
3442 2956 3631 3040 hujus

520 3068 895 3156 argumenti.
922 3068 1258 3152 Exemplar
1288 3068 1549 3134 maximi
1579 3069 1881 3135 momenti
1913 3068 2171 3153 hujusce
2201 3070 2445 3153 generis
2478 3072 2576 3136 est
2598 3089 2899 3154 papyrum
2932 3070 3033 3136 cui
3064 3089 3287 3136 nomen
3318 3070 3564 3136 Harri
3583 3091 3631 3148 S,

517 3201 680 3248 nunc
726 3180 791 3247 in
837 3200 1052 3248 museo
1098 3178 1469 3259 londinensi,
1517 3178 1682 3264 quod
1743 3179 1984 3247 editum
2045 3179 2168 3246 fuit
2228 3201 2266 3247 a
2325 3179 2656 3248 Francisco
2720 3181 2969 3248 Chabas
3024 3179 3142 3268 (²):
3190 3181 3632 3248 documentum

520 3292 730 3358 simile
775 3292 842 3358 in
905 3293 1120 3358 eodem
1179 3310 1394 3358 museo
1457 3296 1550 3357 est
1612 3310 1915 3377 papyrum
1976 3292 2139 3375 quod
2199 3292 2428 3358 dicitur
2473 3291 2655 3358 Salt
2688 3291 2792 3379 (³).
2839 3293 2992 3359 Alia
3046 3292 3326 3377 ejusdem
3369 3297 3629 3360 naturae

524 3405 738 3472 extant
782 3405 849 3470 in
895 3422 1110 3470 museo
1157 3402 1503 3470 Parisiensi
1560 3405 1624 3468 et
1685 3403 1751 3468 in
1786 3404 2192 3488 ‚Taurinensi
2224 3401 2329 3490 (⁴).
2376 3404 2555 3470 Haec
2610 3423 2844 3489 papyra
2891 3408 3039 3470 sunt
3096 3404 3304 3471 omnia
3366 3424 3437 3471 ex
3496 3405 3632 3488 ipso

519 3519 883 3602 argumento
929 3516 1112 3582 valde
1158 3515 1419 3582 obscura
1467 3517 1532 3582 et
1577 3515 1853 3582 nondum
1896 3516 2081 3600 plene
2129 3516 2205 3582 ab
2253 3516 2679 3603 aegyptologis
2727 3517 3058 3607 explicata.

696 3627 1013 3712 Papyrum
1058 3629 1342 3693 nostrum
1389 3645 1461 3692 ex
1506 3626 1756 3693 indiciis
1786 3627 2284 3713 paleographicis
2306 3627 2586 3710 judicari
2618 3630 2826 3712 potest
2856 3628 3084 3694 aetatis
3115 3647 3274 3712 quae
3305 3628 3638 3694 intercedit

521 3739 688 3805 inter
733 3737 1052 3822 dynastias
1083 3738 1325 3803 XIX⁸¹¹¹
1359 3740 1424 3805 et
1455 3738 1754 3818 XXII⁸¹¹¹‚
1788 3739 2036 3805 scilicet
2066 3738 2231 3805 inter
2263 3739 2585 3805 saeculum
2617 3739 3188 3806 decimumtertium
3221 3740 3285 3806 et
3317 3739 3631 3807 decimum

527 3854 672 3916 ante
719 3848 1061 3916 Christum.

696 3960 772 4025 In
819 3961 994 4025 textu
1041 3959 1347 4042 quaedam
1392 3960 1677 4031 rubricae
1724 3960 2029 4044 repetitae
2077 3963 2290 4028 extant
2335 3980 2493 4044 quae
2541 3961 2800 4028 initium
2851 3963 3176 4029 exorcismi
3221 3962 3504 4028 indicant
3534 3962 3635 4029 ad·

521 4090 732 4139 versus
780 4070 1092 4138 elementa
1135 4071 1424 4138 malefica
1468 4091 1544 4167 ne
1591 4072 1828 4138 homiui
1874 4077 2154 4139 noceant.
2205 4073 2505 4159 Formula
2551 4073 2742 4159 hujus
2774 4075 3060 4141 rubricae
3095 4079 3189 4142 est
3219 4083 3293 4141 ut
3322 4075 3634 4157 sequitur:

1824 4205 2449 4360 κήξ-ΧΨ)

1837 4402 1987 4449 nen
2110 4383 2204 4460 ba
2293 4392 2324 4450 t
2502 4404 2581 4451 ne
2627 4392 2754 4453 stes
2799 4386 3061 4471 (contra
3108 4384 3255 4469 etc.)

688 4598 758 4739 {¹3
798 4598 971 4656 Catal.
1011 4597 1334 4670 Champoll.‚
1375 4617 1497 4672 pag.
1537 4601 1624 4665 26,
1662 4602 1779 4656 lett.
1817 4601 1887 4656 D.

711 4673 734 4710 ²
795 4669 876 4726 Le
951 4686 1159 4744 apyrus
1196 4670 1454 4743 maqique
1489 4671 1699 4728 Harrz’s
1736 4672 1996 4742 (Chalcus
2035 4691 2126 4728 sur
2164 4674 2335 4730 Saone
2377 4673 2555 4743 1860).

687 4742 756 4809 (³)
791 4740 875 4797 Cf.
961 4742 1078 4797 irch
1114 4743 1172 4797 in
1212 4742 1551 4811 ephemeride
1590 4743 1779 4800 Revue
1815 4743 2262 4819 Archeoloqique
2301 4746 2456 4811 1863,
2493 4763 2620 4816 pag.
2661 4746 2793 4811 119;
2832 4745 3034 4801 ibidem
3072 4763 3195 4817 pag.
3232 4746 3355 4800 427.

686 4814 755 4884 (⁴)
793 4811 876 4869 Cf.
913 4813 1146 4869 Deveria
1188 4812 1489 4883 Gataloque
1525 4812 1620 4870 des
1655 4815 1989 4872 manuscrits
2018 4816 2301 4888 eqyptiens
2337 4817 2435 4890 qui
2472 4825 2598 4875 sont
2635 4823 2917 4875 conserves
2938 4834 3011 4874 au
3048 4822 3228 4873 musae
3267 4832 3369 4888 eqy
3410 4814 3529 4872 tien
3565 4814 3640 4872 du

507 4883 727 4941 Louvre
763 4884 833 4954 (a.
872 4885 1030 4955 1881)
1106 4886 1446 5004 affl-78.
1485 4916 1553 4927 —
1591 4888 1767 4942 Plcite
1794 4892 1849 4943 et
1874 4889 2049 4952 Rossi,
2076 4888 2182 4944 Les
2201 4904 2450 4962 papyrus
2478 4887 2553 4945 du
2572 4895 2754 4946 museo
2779 4887 2845 4945 de
2881 4887 3062 4945 Parin
3080 4889 3173 4961 (cf.
3202 4887 3356 4943 Tabu
3382 4905 3467 4943 am
3496 4890 3644 4957 131).

687 4997 754 5065 (⁵)
793 4996 1020 5068 Signum
1173 5036 1265 5103 Α
1322 4997 1466 5067 quod
1500 4999 1702 5070 legitur
1738 4997 1826 5064 hii
1873 4999 2258 5069 interpretatur
2312 5016 2557 5072 aurqere,
2613 5007 2779 5058 stare.
2838 5000 2921 5056 De
2978 5000 3212 5057 formula
3261 4958 3491 5112 ?’Zn
3519 5000 3642 5057 vide

514 5106 656 5176 quod
693 5108 914 5178 scripsit
950 5126 999 5165 v.
1038 5111 1107 5165 cl.
1144 5110 1209 5165 A.
1246 5111 1449 5165 Erman
1485 5110 1544 5165 in
1581 5109 1949 5180 ephemeride:
1986 5109 2282 5182 Zeicscrist
2304 5110 2400 5182 far
2425 5109 2518 5168 die
2556 5109 2914 5186 aeyyptische
2953 5110 3222 5186 Spraclze,
3253 5114 3406 5178 1889,
3431 5116 3564 5169 fasc.
3601 5112 3646 5167 I.
