5034 6400
2798 592 3150 659 ...44-

2366 1618 3166 1723 PAPYRUM
3254 1615 3551 1723 ΧΓῃι

2494 2204 2575 2270 Ν.
2622 2206 2729 2272 52.
2775 2201 3063 2274 Folium
3107 2203 3425 2274 unicum.
3540 2179 3545 2185 ²

1605 2433 1917 2518 Papyrum
1968 2431 2202 2499 litteris
2260 2430 2746 2518 hieroglyphieis
2807 2432 2874 2498 et
2929 2429 3129 2517 nigris
3187 2429 3404 2516 figuris
3459 2430 3864 2498 illustratum.
3915 2431 4206 2499 Continet
4264 2434 4504 2518 partem

1426 2572 1578 2640 libri
1622 2572 1905 2638 veterum
1947 2571 2396 2658 Aegyptiorum
2440 2571 2545 2638 eui
2582 2570 2842 2638 titulus:
2885 2542 3310 2696 nssffi
3341 2542 3755 2697 *NR*
3787 2543 3892 2693 ἓ
3984 2572 4095 2637 Ta
4168 2570 4310 2639 §st
4385 2591 4504 2638 em

1424 2721 1670 2802 Tuau,
1703 2738 1814 2786 seu
1841 2720 2041 2788 Liber
2084 2720 2302 2800 Tuau
2344 2718 2445 2784 vel
2491 2718 2913 2805 hemispherii
2954 2720 3318 2806 inferioris.
3366 2718 3491 2785 Hie
3534 2719 3761 2785 titulus
3792 2739 3830 2785 a
3860 2719 4170 2803 Masperio
4207 2717 4503 2801 interpre-

1426 2832 1628 2897 tatur:
1673 2831 1876 2898 Liber
1920 2829 2336 2915 comosa-endi
2380 2830 2454 2898 id
2499 2829 2670 2917 quod
2714 2835 2804 2897 est
2851 2832 2923 2898 in
2967 2831 3177 2898 altero
3223 2829 3451 2898 mundo
3499 2828 3601 2917 (¹).

1596 2941 1698 3008 Ad
1727 2945 2000 3010 mentem
2029 2944 2309 3009 veterum
2336 2940 2784 3027 Aegyptiorum
2816 2943 2948 3008 erat
2993 2942 3042 3023 T
3059 2962 3102 3008 u
3118 2961 3213 3008 au
3257 2941 3425 3027 regio
3457 2941 3716 3008 obscura
3742 2944 3913 3009 trans
3943 2942 4097 3009 fines
4127 2941 4500 3007 firmamenti

1426 3054 1629 3139 posita
1673 3072 1859 3137 quam
1905 3051 2012 3119 Sol
2055 3054 2349 3120 nocturno
2392 3053 2669 3135 tempore
2712 3052 3127 3135 percurrebat.
3176 3052 3592 3118 Dividebatur
3634 3053 3805 3139 regio
3850 3053 4002 3120 haee
4056 3054 4121 3119 in
4180 3053 4501 3119 duodecim

1425 3167 1633 3252 partes
1679 3165 1943 3253 singulis
1987 3164 2153 3232 horis
2198 3165 2481 3233 nocturni
2525 3165 2772 3231 itineris
2816 3164 3269 3250 respondentes.
3318 3165 3393 3231 In
3438 3165 3851 3234 monumentis
3897 3167 3961 3232 et
4012 3165 4078 3232 in
4131 3164 4503 3249 quibusdam

1425 3278 1675 3364 papyris
1720 3277 2002 3364 singulae
2047 3278 2252 3362 partes
2296 3276 2482 3361 hujus
2527 3276 2797 3362 regionis
2841 3279 3379 3361 repraesentantur
3423 3297 3564 3344 oum
3608 3278 3962 3344 nominibus
4006 3277 4136 3343 suis
4182 3279 4246 3343 et
4289 3276 4502 3362 figuris

1427 3389 1832 3456 divinitatum
1853 3388 1958 3456 vel
1979 3389 2299 3474 geniorum
2322 3407 2479 3471 quae
2510 3386 2719 3454 Solem
2749 3389 2816 3453 in
2847 3388 3069 3454 itinere
3092 3387 3483 3454 comitantur.
3504 3388 3836 3473 Exemplar
3856 3389 4290 3472 plenissimum
4316 3387 4501 3471 hujns

1423 3501 1582 3567 texti
1627 3499 1804 3566 nobis
1850 3499 2142 3566 exhibent
2183 3498 2538 3582 sepulerum
2581 3498 2922 3564 Pharaonis
2969 3496 3101 3565 Seti
3144 3498 3177 3564 1
3224 3498 3542 3584 dynastiae
3580 3500 3809 3578 XIX⁸0‚
3858 3519 3970 3566 nee
4014 3519 4134 3566 non
4178 3500 4502 3584 saroopha-

1422 3631 1573 3699 gum
1617 3611 1679 3677 N
1680 3609 1969 3677 ektanebi
2015 3611 2045 3676 I
2094 3609 2414 3695 dynastiae
2474 3609 2835 3676 XXV11120.
2880 3610 3054 3675 Inter
3110 3628 3340 3694 papyra
3391 3629 3510 3676 non
3576 3628 3773 3693 pauca
3812 3591 3992 3695 'quae
4050 3610 4213 3676 hunc
4270 3609 4502 3676 librum

1426 3722 1760 3801 continent,
1786 3722 2085 3789 memoria
2129 3719 2386 3808 dignum
2432 3721 2529 3786 est
2572 3719 2735 3786 fflud
2777 3720 3136 3804 parisiensis
3180 3721 3385 3788 musei
3430 3720 3593 3804 quod
3636 3722 3705 3787 in
3753 3723 4198 3808 Descriptione
4227 3722 4505 3808 Aegypti

1423 3834 1664 3900 editum
1708 3834 1832 3900 fuit
1874 3831 1979 3920 (²).

1598 3944 1847 4012 Titulus
1892 3944 2053 4012 alter
2096 3942 2208 4028 qui
2251 3942 2318 4009 in
2362 3943 2478 4008 hoo
2523 3942 2685 4008 libro
2729 3942 3088 4027 quandoque
3131 3942 3363 4029 legitur
3406 3946 3533 4011 est:

2404 4117 3519 4271 -ῑέκνωψμωῇἓὲ

2416 4297 2556 4363 hat
2602 4317 2690 4364 en
2867 4298 3003 4379 apt
3136 4315 3224 4362 en
3270 4295 3574 4362 amenti

2420 4410 2693 4477 Initium
2828 4427 3060 4476 cornus
3236 4406 3600 4476 occidentis.

1599 4587 1774 4653 Haeo
1818 4587 1986 4674 regio
2030 4587 2295 4672 mystica
2338 4606 2494 4671 quae
2542 4586 2774 4653 dicitur
2816 4588 2866 4669 Τ
2883 4605 3036 4653 uau
3079 4587 3159 4653 ad
3196 4586 3680 4653 similitudinem
3709 4585 3980 4673 Aegypti
4007 4587 4499 4670 repraesentatur

1423 4700 1588 4767 inter
1632 4699 1754 4766 duo
1789 4697 1945 4783 juga
1987 4698 2294 4765 montium
2338 4699 2403 4765 et
2447 4718 2486 4765 a
2527 4697 2785 4765 flumine
2829 4697 3090 4784 irrigata
3135 4697 3242 4782 qui
3288 4697 3519 4764 dieitur
3563 4698 3892 4765 Uernes.

1586 4955 1658 5026 (¹)
1693 4955 1983 5021 mannae,
1997 4953 2104 5011 Les
2124 4953 2387 5029 hypoqees
2404 4970 2629 5028 royano>
2652 4951 2719 5010 do
2744 4952 2948 5011 Thebes
2972 4955 3030 5010 in
3053 4954 3390 5026 ephemeride
3416 4953 3602 5012 Bevus
3628 4952 3695 5011 de
3721 4952 3888 5012 vniat.
3915 4952 4008 5011 des
4030 4953 4316 5027 reliqions,
4339 4955 4493 5011 1888.

1587 5047 1656 5119 (2)
1691 5046 2044 5121 Description
2080 5045 2146 5104 do
2184 5034 2449 5121 l'E'qypte.
2486 5046 2813 5118 Antiquitas,
2854 5048 3002 5104 Tom.
3042 5048 3131 5115 V0,
3174 5049 3248 5119 pl.
3283 5048 3473 5103 XLIV.
