5034 6400
1871 605 2222 671 ...97-

1201 958 2010 1069 PAPYRUM
2105 953 2880 1062 XXXVII.⁰¹

1937 1382 2015 1449 N.
2065 1383 2171 1448 84.

683 1564 1130 1651 Fragmentum
1173 1563 1394 1649 papyri
1437 1562 1675 1629 litteris
1720 1561 2043 1630 hieraticis
2090 1561 2409 1626 exaratum
2455 1558 2728 1642 quinque
2758 1558 3067 1624 columnis
3096 1561 3404 1626 constans.
3454 1559 3614 1626 Con-

504 1676 667 1743 tinet
710 1679 950 1761 partem
992 1679 1202 1743 textus
1246 1674 1731 1759 computationis
1775 1673 1843 1740 in
1887 1692 2009 1757 quo
2055 1673 2236 1758 signa
2265 1672 2587 1737 numerica
2624 1673 2772 1737 sunt
2815 1670 3170 1754 frequenter
3214 1671 3502 1738 adhibita
3546 1675 3612 1738 et

508 1789 692 1856 rubro
737 1790 937 1856 colore
984 1788 1261 1873 depicta;
1310 1790 1405 1853 est
1458 1787 1716 1853 fortasse
1750 1784 2067 1852 adnotatio
2105 1785 2530 1866 impensarum
2576 1781 2847 1866 aliquus
2893 1783 3152 1850 scribae.
3202 1784 3489 1852 Pertinet
3531 1785 3612 1853 ad

508 1902 778 1967 aetatem
823 1898 1146 1986 dynastiae
1192 1898 1416 1964 XIX⁸⁰
1461 1899 1646 1982 prout
1691 1915 1763 1963 ex
1808 1896 2062 1984 indiciis
2106 1894 2604 1980 paleographicis
2641 1893 2918 1977 judicari
2962 1896 3189 1978 potest.

684 2010 853 2077 Hinc
897 2009 1042 2077 inde
1088 2010 1389 2093 adparent
1430 2008 1611 2074 tituli
1659 2007 2066 2091 quorumdam
2111 2005 2475 2073 officialium
2507 2006 2616 2089 qui
2647 2006 2921 2089 publicis
2967 2005 3615 2074 administrationibus

509 2123 752 2207 praesto
799 2124 974 2189 erant
1018 2123 1084 2187 et
1127 2119 1310 2187 tituli
1353 2120 1824 2205 professionum.

688 2346 862 2412 Inter
909 2346 1063 2412 haec
1109 2345 1435 2412 notantur:

668 2504 1519 2682 ssbsskffiffivss.
1824 2519 2408 2676 3552ng
2798 2525 3085 2678 Q}
3262 2523 3540 2682 ⁴533}

819 2707 912 2770 an
1002 2704 1356 2782 somtotu
1917 2703 2191 2784 patop
2237 2719 2337 2765 uu
2890 2709 2984 2765 aa
3282 2720 3481 2770 sonu

808 2817 1046 2885 Scriba
1090 2827 1426 2884 servorum
1591 2832 1859 2901 praeses
1891 2816 2360 2900 possessionum
2406 2810 2686 2898 (templi)
2777 2815 3109 2892 ostiarius,
3247 2815 3554 2884 medieas.

687 2924 959 2994 Nomina
1006 2924 1258 3010 propria
1308 2926 1578 2993 virorum
1629 2925 1740 3009 qui
1793 2923 2108 3008 impensas
2168 2923 2449 2990 fecerunt
2507 2922 2612 2987 vel
2670 2922 2997 3005 pecuniam
3043 2927 3424 3007 receperunt,
3474 2933 3622 2994 sunt

511 3038 674 3105 inter
717 3038 877 3104 alia:

959 3170 1349 3327 amssa}
2292 3166 3085 3328 talaiam

956 3350 1336 3418 Thotmes
1868 3350 1933 3415 et
2362 3352 3047 3432 nextxonsumes.

692 3529 853 3598 Cum
898 3529 1323 3597 notationibus
1356 3528 1688 3596 numericis
1719 3529 1980 3612 adparet
2011 3529 2205 3595 etiam
2236 3528 2487 3615 signum
2515 3528 2892 3595 hieraticum
2913 3551 3067 3605 -f—
3097 3529 3260 3614 quod
3288 3532 3620 3615 respondet

517 3641 977 3729 hieroglyphico
1026 3647 1118 3722 Q,
1166 3643 1231 3709 et
1273 3641 1612 3708 maximam
1658 3660 2011 3707 mensuram
2064 3638 2436 3726 capacitatis
2484 3640 2779 3725 exprimit
2826 3637 2929 3727 (¹).

691 3753 1161 3821 Observandum
1209 3755 1306 3821 est
1336 3753 1500 3838 quod
1530 3752 2067 3838 Champollionius
2099 3753 2163 3819 in
2195 3772 2310 3819 sua
2340 3753 2713 3832 recensione,
2747 3772 2933 3836 quam
2966 3773 3148 3838 saepe
3179 3754 3613 3829 indicavimus.

515 3865 582 3930 in
623 3864 741 3930 hoc
799 3883 1031 3949 papyro
1092 3883 1314 3932 nomen
1375 3864 1536 3950 legit
1594 3863 1938 3930 Pharaonis
2001 3864 2320 3931 Ramsetis
2380 3865 2589 3948 quinti
2621 3861 2723 3951 (²).
2779 3863 2901 3931 Sed
2943 3863 3062 3932 hoc
3107 3866 3350 3953 regium
3394 3886 3616 3934 nomen

515 3976 686 4043 nullo
730 3975 912 4042 modo
957 3976 1235 4060 adparet,
1281 3977 1468 4060 prout
1502 3974 1817 4058 judicavit
1861 3976 2053 4042 etiam
2085 3976 2183 4042 vir
2211 3976 2596 4043 clarissimus
2629 3977 2928 4043 Ernestus
2958 3975 3468 4061 SchiaparelliuS,
3505 3981 3615 4063 qni

515 4087 676 4154 mihi
723 4086 799 4154 de
858 4088 976 4154 hac
1037 4107 1122 4166 re,
1169 4090 1243 4154 ut
1294 4105 1536 4172 quoque
1583 4086 1661 4154 de
1713 4085 1859 4154 aliis
1920 4106 2106 4171 super
2149 4088 2303 4154 haec
2346 4106 2600 4172 papyra,
2651 4089 3058 4156 indicationes
3104 4089 3413 4158 utillimas
3457 4090 3616 4156 ami·

516 4200 768 4271 cissime
811 4201 1122 4285 praebuit.

684 4474 753 4546 (¹)
790 4473 874 4531 cf.
911 4472 1146 4542 chobaa,
1183 4471 1530 4532 Becher-ekes
1564 4490 1663 4533 m
1698 4474 1779 4532 lu
1809 4472 1990 4546 poids,
2026 4489 2270 4531 memes
2303 4481 2360 4532 a
2393 4474 2681 4532 monnaies
2718 4473 2812 4531 des
2848 4476 3075 4533 anniam
3111 4476 3415 4551 eqyptiem.
3452 4478 3626 4545 Paris,

510 4570 663 4635 1876,
699 4586 823 4641 pag.
861 4569 895 4624 8
933 4585 1083 4640 seqq.

679 4662 749 4733 (²)
786 4661 961 4720 Catal.
999 4661 1303 4735 champoll.
1340 4662 1473 4720 Tab.
1510 4662 1634 4730 m,
1670 4663 1779 4720 litt.
1817 4661 1862 4720 C
1897 4680 2021 4736 pag.
2061 4663 2146 4720 25.

1712 4964 2416 4973 *Ψ*

3163 5253 3232 5309 13
