5034 6400
2666 657 2754 669 -
2801 640 2927 687 VIII
2974 658 3059 669 —

1320 768 1727 833 consueverat
1752 762 1856 849 (¹).
1906 763 2079 846 Quae
2126 764 2452 830 verissima
2482 763 2738 847 quidem
2785 767 2964 842 sunt;
3014 764 3125 831 sed
3170 764 3250 829 ad
3281 763 3458 830 iliius
3489 763 3667 831 tituli
3713 763 4229 850 significationem
4277 767 4416 830 tuto

1318 899 1722 967 statuendam
1754 897 2031 967 minime.
2066 897 2132 962 ni
2178 896 2385 972 fallor,
2433 897 2767 963 sufficiunt.
2801 897 2997 964 Juxta
3026 897 3374 966 doctrinam
3420 897 3588 965 enim
3619 900 3901 965 veterum
3946 897 4413 984 Aegyptiorum,

1318 1035 1452 1101 alia
1495 1035 1699 1099 multa
1746 1037 1809 1099 et
1852 1031 2093 1117 potiora
2137 1037 2314 1099 erant
2359 1051 2518 1116 quae
2563 1053 2600 1099 a
2644 1033 2875 1116 spiritu
2921 1032 3200 1099 defuncti
3243 1032 3607 1119 agebantur.
3656 1033 3883 1115 quibus
3928 1052 4072 1099 cum
4117 1034 4233 1099 hac
4276 1033 4417 1099 luce

1322 1170 1453 1236 diei
1498 1168 1594 1235 nil
1640 1186 1966 1235 commune
2010 1170 2164 1234 erat.
2213 1166 2318 1234 Sic
2365 1168 2479 1233 ille
2527 1169 2716 1234 variis
2765 1167 3314 1234 vicissitudinibus
3360 1167 3428 1233 in
3473 1168 3748 1234 neter·
3762 1187 3902 1248 χοι·
3945 1187 4060 1233 seu
4106 1160 4170 1233 in
4204 1167 4416 1235 divino

1326 1304 1723 1371 subterraneo
1767 1303 1903 1369 loco
1946 1302 2238 1369 subditus
2285 1309 2436 1377 erat,
2486 1303 2552 1367 in
2597 1301 2766 1368 aulis
2823 1300 3090 1367 Osiridis
3154 1301 3530 1377 versabatur,
3593 1301 3870 1387 regiones
3924 1302 4418 1386 quamplurimas

1327 1437 1546 1504 mundi
1592 1437 1898 1504 inferioris
1944 1438 2360 1521 percurrebat,
2398 1437 2638 1520 judicio
2683 1437 2940 1503 tandem
2986 1435 3253 1503 Osiridis
3298 1438 3365 1503 in
3410 1437 3668 1503 Amenti
3713 1439 4011 1504 intererat
4039 1435 4145 1523 (2).
4194 1438 4419 1503 Preces

1326 1574 1662 1655 praeterea,
1711 1572 2012 1638 formulae
2040 1575 2104 1637 et
2135 1573 2620 1649 incantamenta,
2667 1591 2826 1655 quae
2856 1571 2922 1637 in
2951 1571 3068 1638 hoc
3097 1571 3259 1637 libro
3291 1571 3703 1639 continentur.
3735 1572 4100 1639 defunctum
4123 1573 4418 1640 adversus

1328 1706 1629 1772 animalia
1676 1707 1959 1773 malefica
2003 1707 2343 1773 tuebantur
2388 1709 2454 1773 et
2498 1707 2688 1773 illum
2751 1706 2833 1773 ad
2893 1706 3214 1773 subeunda
3275 1706 3558 1791 pericula
3615 1727 3735 1774 non
3797 1708 3986 1792 hujus
4048 1707 4270 1774 mundi
4315 1708 4424 1775 sed

1326 1841 1647 1925 regionum
1692 1839 2095 1906 infernalium
2142 1841 2366 1907 fortem
2412 1862 2484 1908 ac
2531 1841 3055 1908 invulnerabilem
3101 1841 3463 1908 reddebant.

1503 1975 1676 2056 Quae
1724 1976 1777 2040 si
1825 1979 2067 2043 attente
2113 1977 2604 2054 considerentur,
2655 1975 2842 2042 facile
2874 1980 3100 2043 natura
3131 1976 3307 2042 illius
3338 1976 3490 2043 libri
3521 1975 3811 2052 elucebit,
3861 1980 3925 2043 et
3955 1975 4069 2042 ille
4098 1977 4421 2059 tamquam

1331 2109 1517 2174 codex
1565 2127 1737 2174 sacer
1782 2109 2133 2175 animarum
2178 2110 2244 2173 in
2294 2109 2804 2177 ultramzmdana
2865 2109 3115 2195 regione
3175 2109 3528 2176 habebitur.
3591 2109 3836 2191 Quibus
3894 2110 4138 2193 positis,
4194 2110 4424 2176 titulus

1339 2274 1365 2303 a
1403 2245 1618 2311 exitus
1650 2249 1723 2310 in
1754 2241 1860 2311 die
1896 2271 1920 2297 v
1983 2244 2168 2325 plane
2215 2243 2551 2327 singularis
2597 2249 2664 2309 et
2691 2244 2896 2310 solum
2927 2244 3304 2325 quibusdam
3331 2243 3688 2311 documenti
3720 2245 4004 2327 partibus
4051 2247 4116 2311 et
4148 2245 4425 2312 defuncti

1326 2379 1575 2445 actibus
1606 2378 1979 2461 respondens
2010 2377 2171 2442 mihi
2205 2377 2485 2444 videtur:
2536 2383 2750 2444 contra
2795 2377 3058 2444 titulum
3103 2406 3129 2435 a
3158 2382 3371 2445 exitus
3403 2398 3436 2444 e
3467 2378 3574 2445 die
3599 2406 3626 2434 n
3687 2378 3768 2444 ad
3797 2379 3995 2445 totius
4040 2379 4193 2445 libri
4240 2398 4424 2465 argu·

1326 2515 1609 2577 mentum
1653 2510 2057 2577 indicandum
2103 2510 2409 2594 aptiorem
2431 2510 2669 2593 judico.
2720 2511 2877 2578 Cum
2924 2511 3121 2597 igitur
3150 2513 3433 2595 quaestio
3471 2512 3675 2577 adhuc
3704 2511 3979 2579 insoluta
4007 2515 4280 2589 maneat,
4313 2531 4426 2599 ego

1328 2646 1594 2713 Navillii
1643 2644 2020 2711 sententiam
2048 2647 2370 2727 sequutuS,
2405 2646 2668 2712 titulum
2701 2645 2885 2711 illum
2930 2644 3006 2711 de
3037 2646 3308 2712 transitu
3340 2664 3411 2712 ex
3443 2646 3561 2712 hac
3613 2646 3748 2712 vita
3775 2645 4030 2717 mortali
4063 2646 4143 2712 ad
4174 2647 4426 2713 immor·-

1328 2782 1646 2847 talitatem
1693 2781 2086 2867 intelligam:
2137 2781 2204 2847 in
2250 2782 2504 2866 papyris
2551 2800 2694 2847 vero
2739 2779 2927 2864 hujus
2972 2781 3345 2848 recensionis
3389 2779 3724 2847 formulam
3768 2782 4125 2867 aegyptiam
4169 2781 4426 2848 servabo

1327 2935 1466 3000 per
1512 2936 1626 2982 em
1672 2916 1901 2991 heru,
1950 2918 2024 2981 ut
2071 2917 2135 2981 in
2183 2935 2294 2982 suo
2345 2917 2771 2999 unusquisque
2817 2934 3004 2982 sensu
3049 2916 3342 2982 abundet.

1506 3051 1694 3117 Liber
1752 3052 1913 3132 Tua
1932 3072 1972 3116 u
2033 3050 2283 3117 definiri
2346 3053 2557 3134 potest
2621 3053 2818 3119 Liber
2878 3051 3342 3136 hemisphaerii
3401 3052 3751 3138 inferioris
3825 3058 3890 3119 et
3949 3052 4428 3136 descriptionem

1331 3185 1583 3253 exhibet
1625 3186 1875 3256 itineris
1923 3186 2207 3254 nocturni
2260 3184 2425 3253 Solis
2458 3188 2524 3253 in
2560 3187 2789 3253 mundo
2821 3185 3237 3253 subterraneo.
3265 3187 3579 3264 Picturae,
3626 3207 3784 3270 quae
3829 3188 3944 3255 hoc
3989 3186 4429 3256 documentum

1329 3325 1643 3396 exornant,
1692 3322 1995 3388 stationes
2029 3321 2356 3388 duodecim
2391 3321 2682 3387 horarum
2715 3321 2916 3387 noctis
2948 3321 3301 3404 exprimunt
3329 3321 3592 3388 adiectis
3625 3322 4016 3407 singularum
4045 3323 4428 3402 nominibus3

1331 3459 1397 3522 et
1439 3475 1651 3540 preces
1697 3456 2018 3523 continent
2046 3456 2277 3539 quibus
2308 3476 2347 3521 a
2379 3454 2673 3522 defuncto
2705 3473 3076 3538 unaquaque
3105 3456 3260 3522 hora
3290 3455 3600 3522 luminare
3630 3455 3835 3522 maius
3863 3457 4140 3523 invocari
4170 3460 4427 3541 oportet.

1510 3590 1698 3656 Liber
1727 3590 1978 3656 tandem
2008 3592 2335 3676 funerum,
2373 3608 2513 3655 vere
2544 3609 2616 3655 ac
2640 3589 2882 3673 proprie
2907 3589 3072 3655 liber
3095 3589 3345 3656 ritualia
3369 3591 3653 3656 funerum
3678 3596 3960 3659 veterum
3983 3591 4430 3678 Aegyptiorum

1332 3723 1639 3808 appellari
1682 3726 1907 3806 potest,
1956 3726 2022 3790 et
2066 3723 2488 3790 caeremonias
2535 3742 2751 3790 omnes
2796 3723 3117 3800 describit,
3165 3723 3424 3806 quaein
3453 3743 3680 3808 pompa
3718 3724 3964 3792 funebri
3995 3728 4062 3792 et
4091 3725 4158 3792 in
4189 3726 4431 3810 deposi-

1330 3858 1501 3924 tione
1546 3855 1866 3923 cadaveris
1910 3857 2388 3942 peragebantur.
2439 3857 2901 3922 Documentum
2942 3856 3057 3923 hoc
3102 3875 3174 3923 ex
3219 3858 3397 3940 parte
3443 3859 3692 3924 tantum
3743 3857 3824 3925 ad
3875 3858 4035 3924 hanc
4089 3858 4257 3926 diem
4301 3863 4434 3926 erat

1331 3990 1757 4076 aegyptologis
1824 3991 2058 4068 notum,
2123 3989 2233 4056 sed
2294 3990 2475 4056 illius
2537 3989 2974 4073 plenissimam
3035 3989 3375 4057 editionem
3425 3990 3554 4057 iam
3611 3991 3857 4075 aliquot
3915 3992 3995 4058 ab
4057 3994 4202 4059 hinc
4255 3996 4433 4060 annis

1330 4124 1644 4208 inceptam
1719 4144 1914 4209 nuper
1968 4125 2263 4207 persolvit
2305 4126 2663 4210 praeclarus
2730 4125 2828 4190 vir
2901 4126 3198 4192 Ernestus
3268 4123 3758 4209 Schiaparellius
3818 4127 4021 4195 musei
4081 4129 4434 4215 aegyptiaci

1332 4258 1644 4326 florentini
1690 4259 1939 4342 sapiens
1993 4259 2342 4327 moderator
2370 4259 2476 4346 (³).

1501 4460 1569 4530 (¹)
1607 4454 1848 4516 Vide'de
1873 4461 1977 4516 hoc
2014 4468 2332 4532 argumento
2359 4462 2726 4518 recensionem
2769 4477 2928 4531 quam
2968 4461 3033 4516 de
3059 4479 3177 4517 meo
3205 4460 3341 4516 libro
3382 4462 3602 4532 scripsit
3638 4479 3685 4516 v.
3715 4477 3762 4516 c.
3802 4461 4000 4518 Caesar
4036 4463 4101 4519 de
4140 4462 4276 4519 Cara
4316 4464 4367 4519 S.
4394 4466 4446 4521 J.

1320 4556 1382 4610 in
1420 4553 1787 4625 ephemeride:
1825 4554 1910 4610 La
1947 4553 2146 4613 civilta
2183 4555 2448 4613 cattolica
2483 4557 2596 4612 diei
2632 4556 2698 4610 21
2739 4556 2890 4611 Junii
2931 4573 2979 4611 a.
3025 4556 3183 4611 1888.

1498 4647 1565 4717 (¹)
1604 4648 1771 4717 Saepe
1796 4648 1854 4702 in
1876 4648 2292 4719 transcriptione
2337 4666 2662 4721 papyrorum
2688 4650 2893 4705 locutio
2931 4650 3250 4720 aegyptiaca
3287 4666 3380 4703 em
3417 4652 3757 4718 nater-‚zer
3793 4648 3951 4704 nobis
3988 4656 4247 4717 occurret,
4284 4667 4446 4721 quam

1322 4742 1392 4799 ad
1428 4743 1667 4799 litteram
1710 4761 1737 4791 a
1762 4741 1824 4798 in
1861 4740 2053 4799 divino
2090 4741 2447 4801 subterraneo
2472 4765 2499 4793 n
2546 4744 2713 4799 latine
2750 4743 2987 4799 reddam.
3045 4742 3501 4814 subintelligatur
3550 4745 3605 4797 in
3656 4743 3756 4798 hac
3806 4743 4023 4800 dicendi
4067 4748 4276 4801 ratione
4332 4765 4359 4795 u
4386 4748 4446 4802 in

1318 4835 1513 4894 divino
1549 4835 1902 4894 subterraneo
1941 4837 2058 4893 loco
2085 4859 2134 4892 n.
2174 4821 2500 4908 Quandoque
2550 4839 2878 4893 locutionem
2925 4837 3083 4898 hanc,
3123 4838 3403 4892 varietatis
3430 4837 3622 4907 gratia,
3660 4836 4054 4907 interpretabo:
4100 4859 4127 4887 ιι
4155 4839 4215 4895 in
4252 4837 4446 4896 divina

1325 4930 1554 5003 reqione
1589 4927 1862 5002 inferiore
1885 4951 1936 4985 n.

1496 5026 1563 5095 (³)
1603 5022 1686 5080 Cf.
1723 5024 1779 5081 Il
1814 5022 1986 5080 Libro
2023 5023 2114 5080 dei
2150 5023 2400 5096 fianerali
2437 5023 2589 5098 deqli
2626 5023 2843 5080 antichi
2870 5022 3117 5096 aqiziani
3154 5022 3398 5080 tradotto
3438 5039 3466 5079 e
3504 5030 3862 5081 commentato
3887 5021 3961 5080 da
3991 5023 4224 5084 Ernesto
4252 5026 4450 5084 Sekia·

1310 5117 1541 5192 parelli.
1580 5117 1889 5188 Tipografla
1925 5117 2071 5174 della
2110 5118 2176 5173 R.
2211 5117 2536 5174 Accademia
2572 5117 2659 5173 dei
2696 5117 2899 5174 Lincei.
2940 5118 3110 5173 Roma
3150 5117 3304 5174 1890.
