<?xml version="1.0" encoding="UTF-8"?>
<!DOCTYPE html PUBLIC "-//W3C//DTD XHTML 1.0 Transitional//EN"
    "http://www.w3.org/TR/xhtml1/DTD/xhtml1-transitional.dtd">
<html xmlns="http://www.w3.org/1999/xhtml" xml:lang="en" lang="en">
 <head>
  <title>
</title>
<meta http-equiv="Content-Type" content="text/html;charset=utf-8" />
  <meta name='ocr-system' content='tesseract 3.04.00' />
  <meta name='ocr-capabilities' content='ocr_page ocr_carea ocr_par ocr_line ocrx_word'/>
</head>
<body>
  <div class='ocr_page' id='page_1' title='image "./monumentapapyra00biblgoog_0127.png"; bbox 0 0 5034 6400; ppageno 0'>
   <div class='ocr_carea' id='block_1_1' title="bbox 1870 600 2271 665">
    <p class='ocr_par' dir='ltr' id='par_1_1' title="bbox 1870 600 2271 665">
     <span class='ocr_line' id='line_1_1' title="bbox 1870 600 2271 665; baseline 0.005 -2"><span class='ocrx_word' id='word_1_1' title='bbox 1870 634 1959 646; x_wconf 91' lang='grc'>-</span> <span class='ocrx_word' id='word_1_2' title='bbox 2013 600 2271 665; x_wconf 86' lang='lat'>115·—</span> 
     </span>
    </p>
   </div>
   <div class='ocr_carea' id='block_1_2' title="bbox 1410 947 2819 1057">
    <p class='ocr_par' dir='ltr' id='par_1_2' title="bbox 1410 947 2819 1057">
     <span class='ocr_line' id='line_1_2' title="bbox 1410 947 2819 1057; baseline 0.001 -3"><span class='ocrx_word' id='word_1_3' title='bbox 1410 949 2225 1056; x_wconf 86' lang='lat' dir='ltr'><strong>PAPYRUM</strong></span> <span class='ocrx_word' id='word_1_4' title='bbox 2332 947 2819 1057; x_wconf 67' lang='grc' dir='ltr'>ΙΛῙΙΙ.ΠΜ</span> 
     </span>
    </p>
   </div>
   <div class='ocr_carea' id='block_1_3' title="bbox 1819 1170 2343 1177">
    <p class='ocr_par' dir='ltr' id='par_1_3' title="bbox 1819 1170 2343 1177">
     <span class='ocr_line' id='line_1_3' title="bbox 1819 1170 2343 1177; baseline -0.002 0"><span class='ocrx_word' id='word_1_5' title='bbox 1819 1172 1898 1177; x_wconf 83' lang='lat'>..-</span> <span class='ocrx_word' id='word_1_6' title='bbox 1905 1171 1990 1177; x_wconf 67' lang='lat'>——-</span> <span class='ocrx_word' id='word_1_7' title='bbox 1997 1170 2343 1177; x_wconf 44' lang='lat' dir='ltr'>*ff—-ffl</span> 
     </span>
    </p>
   </div>
   <div class='ocr_carea' id='block_1_4' title="bbox 1878 1306 2279 1459">
    <p class='ocr_par' dir='ltr' id='par_1_4' title="bbox 1878 1306 2279 1459">
     <span class='ocr_line' id='line_1_4' title="bbox 1878 1306 2279 1459; baseline -0.005 -20"><span class='ocrx_word' id='word_1_8' title='bbox 1878 1306 1957 1439; x_wconf 76' lang='lat' dir='ltr'>N.</span> <span class='ocrx_word' id='word_1_9' title='bbox 2013 1325 2138 1440; x_wconf 73' lang='lat'>10³7</span> <span class='ocrx_word' id='word_1_10' title='bbox 2174 1372 2279 1459; x_wconf 82' lang='lat'>(¹).</span> 
     </span>
    </p>
   </div>
   <div class='ocr_carea' id='block_1_5' title="bbox 521 1551 3643 1862">
    <p class='ocr_par' dir='ltr' id='par_1_5' title="bbox 521 1551 3643 1862">
     <span class='ocr_line' id='line_1_5' title="bbox 699 1551 3643 1640; baseline -0.001 -19"><span class='ocrx_word' id='word_1_11' title='bbox 699 1556 1015 1640; x_wconf 85' lang='lat' dir='ltr'>Papyrum</span> <span class='ocrx_word' id='word_1_12' title='bbox 1044 1553 1200 1619; x_wconf 87' lang='lat' dir='ltr'>libri</span> <span class='ocrx_word' id='word_1_13' title='bbox 1246 1572 1386 1637; x_wconf 89' lang='lat' dir='ltr'>per</span> <span class='ocrx_word' id='word_1_14' title='bbox 1432 1571 1544 1621; x_wconf 87' lang='lat' dir='ltr'>em</span> <span class='ocrx_word' id='word_1_15' title='bbox 1592 1552 1787 1618; x_wconf 89' lang='lat' dir='ltr'>heru</span> <span class='ocrx_word' id='word_1_16' title='bbox 1832 1552 2070 1618; x_wconf 87' lang='lat' dir='ltr'>litteris</span> <span class='ocrx_word' id='word_1_17' title='bbox 2098 1551 2424 1618; x_wconf 88' lang='lat' dir='ltr'>hieraticis</span> <span class='ocrx_word' id='word_1_18' title='bbox 2455 1551 2686 1617; x_wconf 90' lang='lat' dir='ltr'>aetatis</span> <span class='ocrx_word' id='word_1_19' title='bbox 2721 1552 2982 1617; x_wconf 85' lang='lat' dir='ltr'>fortasse</span> <span class='ocrx_word' id='word_1_20' title='bbox 3011 1551 3444 1636; x_wconf 73' lang='lat' dir='ltr'>ptolemaicae,</span> <span class='ocrx_word' id='word_1_21' title='bbox 3494 1552 3643 1619; x_wconf 87' lang='lat' dir='ltr'>cha-</span> 
     </span>
     <span class='ocr_line' id='line_1_6' title="bbox 521 1663 3643 1751; baseline -0.001 -17"><span class='ocrx_word' id='word_1_22' title='bbox 521 1669 757 1734; x_wconf 86' lang='lat' dir='ltr'>ractere</span> <span class='ocrx_word' id='word_1_23' title='bbox 799 1686 991 1751; x_wconf 86' lang='lat' dir='ltr'>parvo</span> <span class='ocrx_word' id='word_1_24' title='bbox 1037 1668 1102 1733; x_wconf 89' lang='lat' dir='ltr'>et</span> <span class='ocrx_word' id='word_1_25' title='bbox 1148 1665 1336 1732; x_wconf 88' lang='lat' dir='ltr'>denso</span> <span class='ocrx_word' id='word_1_26' title='bbox 1383 1667 1725 1732; x_wconf 87' lang='lat' dir='ltr'>exaratum.</span> <span class='ocrx_word' id='word_1_27' title='bbox 1774 1664 2055 1731; x_wconf 84' lang='lat' dir='ltr'>Tabulae</span> <span class='ocrx_word' id='word_1_28' title='bbox 2101 1663 2302 1729; x_wconf 85' lang='lat' dir='ltr'>textui</span> <span class='ocrx_word' id='word_1_29' title='bbox 2348 1663 2683 1747; x_wconf 80' lang='lat' dir='ltr'>impositae</span> <span class='ocrx_word' id='word_1_30' title='bbox 2731 1666 2794 1728; x_wconf 89' lang='lat' dir='ltr'>et</span> <span class='ocrx_word' id='word_1_31' title='bbox 2839 1663 3228 1742; x_wconf 80' lang='lat' dir='ltr'>commixtae,</span> <span class='ocrx_word' id='word_1_32' title='bbox 3275 1667 3426 1730; x_wconf 87' lang='lat' dir='ltr'>sunt</span> <span class='ocrx_word' id='word_1_33' title='bbox 3470 1664 3643 1732; x_wconf 86' lang='lat' dir='ltr'>vario</span> 
     </span>
     <span class='ocr_line' id='line_1_7' title="bbox 522 1774 3595 1862; baseline -0.001 -18"><span class='ocrx_word' id='word_1_34' title='bbox 522 1778 722 1845; x_wconf 89' lang='lat' dir='ltr'>colore</span> <span class='ocrx_word' id='word_1_35' title='bbox 769 1777 1075 1862; x_wconf 85' lang='lat' dir='ltr'>depictae.</span> <span class='ocrx_word' id='word_1_36' title='bbox 1123 1778 1408 1844; x_wconf 74' lang='lat' dir='ltr'>Pertinet</span> <span class='ocrx_word' id='word_1_37' title='bbox 1454 1777 1535 1843; x_wconf 89' lang='lat' dir='ltr'>ad</span> <span class='ocrx_word' id='word_1_38' title='bbox 1580 1774 1944 1842; x_wconf 88' lang='lat' dir='ltr'>defunctum</span> <span class='ocrx_word' id='word_1_39' title='bbox 1992 1774 2377 1842; x_wconf 82' lang='lat' dir='ltr'>sacerdotem</span> <span class='ocrx_word' id='word_1_40' title='bbox 2422 1774 2751 1840; x_wconf 88' lang='lat' dir='ltr'>Ammonis</span> <span class='ocrx_word' id='word_1_41' title='bbox 2799 1774 2903 1840; x_wconf 90' lang='lat' dir='ltr'>cui</span> <span class='ocrx_word' id='word_1_42' title='bbox 2947 1794 3172 1841; x_wconf 94' lang='lat' dir='ltr'>nomen</span> <span class='ocrx_word' id='word_1_43' title='bbox 3219 1776 3284 1842; x_wconf 86' lang='lat' dir='ltr'>et</span> <span class='ocrx_word' id='word_1_44' title='bbox 3328 1774 3595 1842; x_wconf 86' lang='lat' dir='ltr'>titulus:</span> 
     </span>
    </p>
   </div>
   <div class='ocr_carea' id='block_1_6' title="bbox 943 1906 3216 2072">
    <p class='ocr_par' dir='ltr' id='par_1_6' title="bbox 943 1906 3216 2072">
     <span class='ocr_line' id='line_1_8' title="bbox 943 1906 3216 2072; baseline -0 -8"><span class='ocrx_word' id='word_1_45' title='bbox 943 1909 1090 2064; x_wconf 67' lang='lat' dir='ltr'>‘li</span> <span class='ocrx_word' id='word_1_46' title='bbox 1347 1934 1510 2062; x_wconf 47' lang='grc' dir='ltr'><em>ὢ</em></span> <span class='ocrx_word' id='word_1_47' title='bbox 1701 1964 1854 2003; x_wconf 75' lang='lat'>==</span> <span class='ocrx_word' id='word_1_48' title='bbox 1959 1907 2255 2061; x_wconf 47' lang='lat' dir='ltr'>iffi&amp;</span> <span class='ocrx_word' id='word_1_49' title='bbox 2419 1906 3216 2072; x_wconf 44' lang='lat' dir='ltr'>&amp;simii</span> 
     </span>
    </p>
   </div>
   <div class='ocr_carea' id='block_1_7' title="bbox 714 2109 2886 2301">
    <p class='ocr_par' dir='ltr' id='par_1_7' title="bbox 714 2109 2886 2301">
     <span class='ocr_line' id='line_1_9' title="bbox 714 2109 2879 2193; baseline -0 -17"><span class='ocrx_word' id='word_1_50' title='bbox 714 2187 720 2192; x_wconf 40' lang='grc'>,</span> <span class='ocrx_word' id='word_1_51' title='bbox 836 2112 1072 2177; x_wconf 87' lang='lat' dir='ltr'>neter</span> <span class='ocrx_word' id='word_1_52' title='bbox 1119 2109 1268 2186; x_wconf 85' lang='lat' dir='ltr'>hon</span> <span class='ocrx_word' id='word_1_53' title='bbox 1317 2131 1407 2177; x_wconf 91' lang='lat' dir='ltr'>en</span> <span class='ocrx_word' id='word_1_54' title='bbox 1455 2130 1687 2177; x_wconf 89' lang='lat' dir='ltr'>amun</span> <span class='ocrx_word' id='word_1_55' title='bbox 1735 2129 1850 2176; x_wconf 89' lang='lat' dir='ltr'>em</span> <span class='ocrx_word' id='word_1_56' title='bbox 2028 2111 2167 2193; x_wconf 73' lang='lat' dir='ltr'>apt</span> <span class='ocrx_word' id='word_1_57' title='bbox 2445 2110 2879 2190; x_wconf 73' lang='lat' dir='ltr'>Nesxonsu</span> 
     </span>
     <span class='ocr_line' id='line_1_10' title="bbox 846 2217 2886 2301; baseline -0.002 -11"><span class='ocrx_word' id='word_1_58' title='bbox 846 2222 1164 2291; x_wconf 81' lang='lat' dir='ltr'>Sacerdos</span> <span class='ocrx_word' id='word_1_59' title='bbox 1209 2217 1541 2290; x_wconf 76' lang='lat' dir='ltr'>Ammonis</span> <span class='ocrx_word' id='word_1_60' title='bbox 1745 2225 1816 2290; x_wconf 79' lang='lat' dir='ltr'>in</span> <span class='ocrx_word' id='word_1_61' title='bbox 1995 2222 2194 2288; x_wconf 79' lang='lat' dir='ltr'>Thebe</span> <span class='ocrx_word' id='word_1_62' title='bbox 2456 2221 2886 2301; x_wconf 74' lang='lat' dir='ltr'>Nesxonsu</span> 
     </span>
    </p>
   </div>
   <div class='ocr_carea' id='block_1_8' title="bbox 531 2400 3652 3383">
    <p class='ocr_par' dir='ltr' id='par_1_8' title="bbox 531 2400 3650 2932">
     <span class='ocr_line' id='line_1_11' title="bbox 707 2400 3650 2486; baseline 0 -19"><span class='ocrx_word' id='word_1_63' title='bbox 707 2402 923 2468; x_wconf 88' lang='lat' dir='ltr'>Prima</span> <span class='ocrx_word' id='word_1_64' title='bbox 966 2421 1111 2486; x_wconf 88' lang='lat' dir='ltr'>pars</span> <span class='ocrx_word' id='word_1_65' title='bbox 1158 2401 1520 2468; x_wconf 88' lang='lat' dir='ltr'>documenti</span> <span class='ocrx_word' id='word_1_66' title='bbox 1567 2402 1743 2468; x_wconf 85' lang='lat' dir='ltr'>deest</span> <span class='ocrx_word' id='word_1_67' title='bbox 1791 2402 1854 2466; x_wconf 91' lang='lat' dir='ltr'>et</span> <span class='ocrx_word' id='word_1_68' title='bbox 1898 2420 2201 2485; x_wconf 82' lang='lat' dir='ltr'>papyrum</span> <span class='ocrx_word' id='word_1_69' title='bbox 2251 2401 2508 2466; x_wconf 89' lang='lat' dir='ltr'>initium</span> <span class='ocrx_word' id='word_1_70' title='bbox 2556 2401 2751 2469; x_wconf 88' lang='lat' dir='ltr'>habet</span> <span class='ocrx_word' id='word_1_71' title='bbox 2794 2420 2936 2467; x_wconf 90' lang='lat' dir='ltr'>cum</span> <span class='ocrx_word' id='word_1_72' title='bbox 2983 2400 3225 2467; x_wconf 89' lang='lat' dir='ltr'>tabulis</span> <span class='ocrx_word' id='word_1_73' title='bbox 3271 2401 3650 2468; x_wconf 86' lang='lat' dir='ltr'>animalium</span> 
     </span>
     <span class='ocr_line' id='line_1_12' title="bbox 531 2513 3644 2601; baseline 0 -21"><span class='ocrx_word' id='word_1_74' title='bbox 531 2514 951 2581; x_wconf 86' lang='lat' dir='ltr'>maleficorum</span> <span class='ocrx_word' id='word_1_75' title='bbox 983 2532 1140 2597; x_wconf 88' lang='lat' dir='ltr'>quae</span> <span class='ocrx_word' id='word_1_76' title='bbox 1173 2513 1547 2597; x_wconf 84' lang='lat' dir='ltr'>respondent</span> <span class='ocrx_word' id='word_1_77' title='bbox 1591 2514 1891 2597; x_wconf 87' lang='lat' dir='ltr'>capitulis</span> <span class='ocrx_word' id='word_1_78' title='bbox 1938 2533 1976 2579; x_wconf 88' lang='lat' dir='ltr'>a</span> <span class='ocrx_word' id='word_1_79' title='bbox 2023 2513 2274 2579; x_wconf 88' lang='lat' dir='ltr'>XXX1⁰</span> <span class='ocrx_word' id='word_1_80' title='bbox 2324 2513 2404 2579; x_wconf 87' lang='lat' dir='ltr'>ad</span> <span class='ocrx_word' id='word_1_81' title='bbox 2450 2514 2736 2580; x_wconf 83' lang='lat' dir='ltr'>XLII¹¹¹¹¹.</span> <span class='ocrx_word' id='word_1_82' title='bbox 2787 2513 3146 2597; x_wconf 84' lang='lat' dir='ltr'>Sequuntur</span> <span class='ocrx_word' id='word_1_83' title='bbox 3179 2515 3466 2601; x_wconf 79' lang='lat' dir='ltr'>regiones</span> <span class='ocrx_word' id='word_1_84' title='bbox 3511 2534 3644 2601; x_wconf 84' lang='lat' dir='ltr'>my-</span> 
     </span>
     <span class='ocr_line' id='line_1_13' title="bbox 532 2623 3646 2712; baseline -0.001 -20"><span class='ocrx_word' id='word_1_85' title='bbox 532 2626 726 2692; x_wconf 86' lang='lat' dir='ltr'>sticae</span> <span class='ocrx_word' id='word_1_86' title='bbox 772 2645 918 2691; x_wconf 89' lang='lat' dir='ltr'>cum</span> <span class='ocrx_word' id='word_1_87' title='bbox 958 2625 1184 2712; x_wconf 79' lang='lat' dir='ltr'>geniiS.</span> <span class='ocrx_word' id='word_1_88' title='bbox 1231 2623 1515 2709; x_wconf 86' lang='lat' dir='ltr'>Adparet</span> <span class='ocrx_word' id='word_1_89' title='bbox 1559 2625 1782 2691; x_wconf 89' lang='lat' dir='ltr'>deinde</span> <span class='ocrx_word' id='word_1_90' title='bbox 1828 2624 1975 2690; x_wconf 85' lang='lat' dir='ltr'>aula</span> <span class='ocrx_word' id='word_1_91' title='bbox 2011 2624 2243 2707; x_wconf 67' lang='lat' dir='ltr'>,iudicii</span> <span class='ocrx_word' id='word_1_92' title='bbox 2290 2624 2559 2690; x_wconf 84' lang='lat' dir='ltr'>Osiridis</span> <span class='ocrx_word' id='word_1_93' title='bbox 2622 2645 2732 2691; x_wconf 87' lang='lat' dir='ltr'>seu</span> <span class='ocrx_word' id='word_1_94' title='bbox 2792 2626 3016 2691; x_wconf 87' lang='lat' dir='ltr'>tabula</span> <span class='ocrx_word' id='word_1_95' title='bbox 3076 2627 3343 2709; x_wconf 89' lang='lat' dir='ltr'>capituli</span> <span class='ocrx_word' id='word_1_96' title='bbox 3391 2627 3646 2694; x_wconf 87' lang='lat' dir='ltr'>CXXV.</span> 
     </span>
     <span class='ocr_line' id='line_1_14' title="bbox 533 2734 3646 2822; baseline 0.001 -20"><span class='ocrx_word' id='word_1_97' title='bbox 533 2736 849 2803; x_wconf 87' lang='lat' dir='ltr'>Iudicium</span> <span class='ocrx_word' id='word_1_98' title='bbox 896 2737 1265 2820; x_wconf 82' lang='lat' dir='ltr'>exprimitur</span> <span class='ocrx_word' id='word_1_99' title='bbox 1309 2756 1478 2803; x_wconf 90' lang='lat' dir='ltr'>more</span> <span class='ocrx_word' id='word_1_100' title='bbox 1524 2735 1746 2802; x_wconf 89' lang='lat' dir='ltr'>solito:</span> <span class='ocrx_word' id='word_1_101' title='bbox 1794 2734 1964 2819; x_wconf 89' lang='lat' dir='ltr'>apud</span> <span class='ocrx_word' id='word_1_102' title='bbox 2010 2735 2274 2822; x_wconf 87' lang='lat' dir='ltr'>figuram</span> <span class='ocrx_word' id='word_1_103' title='bbox 2325 2735 2627 2815; x_wconf 84' lang='lat' dir='ltr'>defuncti,</span> <span class='ocrx_word' id='word_1_104' title='bbox 2677 2737 2787 2819; x_wconf 90' lang='lat' dir='ltr'>qui</span> <span class='ocrx_word' id='word_1_105' title='bbox 2834 2756 2871 2802; x_wconf 89' lang='lat' dir='ltr'>a</span> <span class='ocrx_word' id='word_1_106' title='bbox 2917 2736 3154 2821; x_wconf 84' lang='lat' dir='ltr'>duplici</span> <span class='ocrx_word' id='word_1_107' title='bbox 3184 2735 3443 2821; x_wconf 86' lang='lat' dir='ltr'>justitia</span> <span class='ocrx_word' id='word_1_108' title='bbox 3488 2739 3646 2805; x_wconf 88' lang='lat' dir='ltr'>reci-</span> 
     </span>
     <span class='ocr_line' id='line_1_15' title="bbox 533 2845 3080 2932; baseline -0 -19"><span class='ocrx_word' id='word_1_109' title='bbox 533 2848 723 2932; x_wconf 86' lang='lat' dir='ltr'>pitur,</span> <span class='ocrx_word' id='word_1_110' title='bbox 773 2846 953 2914; x_wconf 86' lang='lat' dir='ltr'>adest</span> <span class='ocrx_word' id='word_1_111' title='bbox 999 2846 1133 2930; x_wconf 90' lang='lat' dir='ltr'>ejus</span> <span class='ocrx_word' id='word_1_112' title='bbox 1180 2867 1403 2913; x_wconf 91' lang='lat' dir='ltr'>nomen</span> <span class='ocrx_word' id='word_1_113' title='bbox 1448 2845 1910 2932; x_wconf 82' lang='lat' dir='ltr'>hieroglyphice</span> <span class='ocrx_word' id='word_1_114' title='bbox 1958 2848 2262 2929; x_wconf 81' lang='lat' dir='ltr'>scriptum</span> <span class='ocrx_word' id='word_1_115' title='bbox 2308 2866 2452 2912; x_wconf 88' lang='lat' dir='ltr'>cum</span> <span class='ocrx_word' id='word_1_116' title='bbox 2498 2847 2712 2913; x_wconf 89' lang='lat' dir='ltr'>titulis</span> <span class='ocrx_word' id='word_1_117' title='bbox 2758 2850 2831 2913; x_wconf 90' lang='lat' dir='ltr'>ut</span> <span class='ocrx_word' id='word_1_118' title='bbox 2875 2868 3080 2932; x_wconf 86' lang='lat' dir='ltr'>supra.</span> 
     </span>
    </p>

    <p class='ocr_par' dir='ltr' id='par_1_9' title="bbox 535 2957 3652 3383">
     <span class='ocr_line' id='line_1_16' title="bbox 714 2957 3650 3044; baseline 0.001 -19"><span class='ocrx_word' id='word_1_119' title='bbox 714 2957 1007 3042; x_wconf 87' lang='lat' dir='ltr'>Sequitur</span> <span class='ocrx_word' id='word_1_120' title='bbox 1051 2977 1185 3042; x_wconf 88' lang='lat' dir='ltr'>cap.</span> <span class='ocrx_word' id='word_1_121' title='bbox 1237 2958 1508 3025; x_wconf 88' lang='lat' dir='ltr'>CXXVI</span> <span class='ocrx_word' id='word_1_122' title='bbox 1554 2960 1875 3024; x_wconf 85' lang='lat' dir='ltr'>continens</span> <span class='ocrx_word' id='word_1_123' title='bbox 1923 2958 2208 3023; x_wconf 89' lang='lat' dir='ltr'>tabulam</span> <span class='ocrx_word' id='word_1_124' title='bbox 2242 2958 2416 3024; x_wconf 87' lang='lat' dir='ltr'>lacus</span> <span class='ocrx_word' id='word_1_125' title='bbox 2450 2960 2621 3044; x_wconf 80' lang='lat' dir='ltr'>ignei</span> <span class='ocrx_word' id='word_1_126' title='bbox 2653 2959 2718 3024; x_wconf 89' lang='lat' dir='ltr'>in</span> <span class='ocrx_word' id='word_1_127' title='bbox 2752 2979 2871 3042; x_wconf 91' lang='lat' dir='ltr'>quo</span> <span class='ocrx_word' id='word_1_128' title='bbox 2904 2960 3232 3027; x_wconf 87' lang='lat' dir='ltr'>defunctus</span> <span class='ocrx_word' id='word_1_129' title='bbox 3262 2962 3650 3044; x_wconf 87' lang='lat' dir='ltr'>purificatur.</span> 
     </span>
     <span class='ocr_line' id='line_1_17' title="bbox 535 3070 3649 3155; baseline 0.001 -18"><span class='ocrx_word' id='word_1_130' title='bbox 535 3071 688 3139; x_wconf 87' lang='lat' dir='ltr'>Post</span> <span class='ocrx_word' id='word_1_131' title='bbox 731 3071 848 3138; x_wconf 90' lang='lat' dir='ltr'>hoc</span> <span class='ocrx_word' id='word_1_132' title='bbox 894 3071 1125 3137; x_wconf 80' lang='lat' dir='ltr'>adsunt</span> <span class='ocrx_word' id='word_1_133' title='bbox 1171 3072 1300 3137; x_wconf 89' lang='lat' dir='ltr'>alia</span> <span class='ocrx_word' id='word_1_134' title='bbox 1347 3070 1632 3154; x_wconf 90' lang='lat' dir='ltr'>capitula</span> <span class='ocrx_word' id='word_1_135' title='bbox 1678 3089 1938 3154; x_wconf 86' lang='lat' dir='ltr'>quorum</span> <span class='ocrx_word' id='word_1_136' title='bbox 1983 3070 2161 3135; x_wconf 87' lang='lat' dir='ltr'>tituli</span> <span class='ocrx_word' id='word_1_137' title='bbox 2210 3076 2358 3135; x_wconf 90' lang='lat' dir='ltr'>sunt</span> <span class='ocrx_word' id='word_1_138' title='bbox 2403 3070 2675 3137; x_wconf 83' lang='lat' dir='ltr'>evanidi.</span> <span class='ocrx_word' id='word_1_139' title='bbox 2742 3072 2816 3137; x_wconf 91' lang='lat' dir='ltr'>In</span> <span class='ocrx_word' id='word_1_140' title='bbox 2867 3074 3282 3155; x_wconf 85' lang='lat' dir='ltr'>sequentibus</span> <span class='ocrx_word' id='word_1_141' title='bbox 3343 3074 3649 3141; x_wconf 89' lang='lat' dir='ltr'>columnis</span> 
     </span>
     <span class='ocr_line' id='line_1_18' title="bbox 535 3181 3652 3269; baseline 0.001 -19"><span class='ocrx_word' id='word_1_142' title='bbox 535 3184 692 3250; x_wconf 88' lang='lat' dir='ltr'>haec</span> <span class='ocrx_word' id='word_1_143' title='bbox 736 3183 864 3250; x_wconf 82' lang='lat' dir='ltr'>alia</span> <span class='ocrx_word' id='word_1_144' title='bbox 911 3181 1192 3267; x_wconf 86' lang='lat' dir='ltr'>capitula</span> <span class='ocrx_word' id='word_1_145' title='bbox 1237 3181 1676 3248; x_wconf 87' lang='lat' dir='ltr'>observantur:</span> <span class='ocrx_word' id='word_1_146' title='bbox 1729 3182 1878 3265; x_wconf 90' lang='lat' dir='ltr'>Cap.</span> <span class='ocrx_word' id='word_1_147' title='bbox 1922 3182 2216 3249; x_wconf 85' lang='lat' dir='ltr'>CXXIX.</span> <span class='ocrx_word' id='word_1_148' title='bbox 2265 3220 2353 3230; x_wconf 97' lang='lat'><strong>—</strong></span> <span class='ocrx_word' id='word_1_149' title='bbox 2401 3182 2553 3268; x_wconf 89' lang='lat' dir='ltr'>Cap.</span> <span class='ocrx_word' id='word_1_150' title='bbox 2599 3183 2785 3250; x_wconf 89' lang='lat' dir='ltr'>CXL.</span> <span class='ocrx_word' id='word_1_151' title='bbox 2834 3222 2921 3232; x_wconf 98' lang='lat'><strong>—</strong></span> <span class='ocrx_word' id='word_1_152' title='bbox 2969 3184 3119 3269; x_wconf 90' lang='lat' dir='ltr'>Cap.</span> <span class='ocrx_word' id='word_1_153' title='bbox 3163 3186 3529 3254; x_wconf 86' lang='lat' dir='ltr'>CXLVIII.·</span> <span class='ocrx_word' id='word_1_154' title='bbox 3562 3224 3652 3237; x_wconf 93' lang='lat'>—</span> 
     </span>
     <span class='ocr_line' id='line_1_19' title="bbox 538 3293 3652 3383; baseline 0.001 -20"><span class='ocrx_word' id='word_1_155' title='bbox 538 3294 688 3380; x_wconf 87' lang='lat' dir='ltr'>Cap.</span> <span class='ocrx_word' id='word_1_156' title='bbox 723 3295 1010 3362; x_wconf 86' lang='lat' dir='ltr'>CXLIX.</span> <span class='ocrx_word' id='word_1_157' title='bbox 1058 3330 1146 3342; x_wconf 95' lang='lat'>—</span> <span class='ocrx_word' id='word_1_158' title='bbox 1194 3294 1345 3377; x_wconf 90' lang='lat' dir='ltr'>Cap.</span> <span class='ocrx_word' id='word_1_159' title='bbox 1395 3293 1519 3360; x_wconf 88' lang='lat' dir='ltr'>CL.</span> <span class='ocrx_word' id='word_1_160' title='bbox 1569 3295 1884 3379; x_wconf 83' lang='lat' dir='ltr'>Papyrum</span> <span class='ocrx_word' id='word_1_161' title='bbox 1933 3294 2190 3376; x_wconf 79' lang='lat' dir='ltr'>explicit</span> <span class='ocrx_word' id='word_1_162' title='bbox 2236 3313 2377 3360; x_wconf 90' lang='lat' dir='ltr'>cum</span> <span class='ocrx_word' id='word_1_163' title='bbox 2426 3295 2649 3361; x_wconf 86' lang='lat' dir='ltr'>tabula</span> <span class='ocrx_word' id='word_1_164' title='bbox 2694 3297 2961 3379; x_wconf 87' lang='lat' dir='ltr'>capituli</span> <span class='ocrx_word' id='word_1_165' title='bbox 3011 3297 3122 3364; x_wconf 94' lang='lat' dir='ltr'>CX</span> <span class='ocrx_word' id='word_1_166' title='bbox 3167 3318 3327 3382; x_wconf 87' lang='lat' dir='ltr'>quae</span> <span class='ocrx_word' id='word_1_167' title='bbox 3359 3318 3652 3383; x_wconf 90' lang='lat' dir='ltr'>campum</span> 
     </span>
    </p>
   </div>
   <div class='ocr_carea' id='block_1_9' title="bbox 537 3405 3655 3606">
    <p class='ocr_par' dir='ltr' id='par_1_10' title="bbox 537 3405 3655 3606">
     <span class='ocr_line' id='line_1_20' title="bbox 537 3405 3655 3496; baseline 0.001 -22"><span class='ocrx_word' id='word_1_168' title='bbox 537 3408 810 3475; x_wconf 84' lang='lat' dir='ltr'>Aanru</span> <span class='ocrx_word' id='word_1_169' title='bbox 854 3426 964 3474; x_wconf 87' lang='lat' dir='ltr'>seu</span> <span class='ocrx_word' id='word_1_170' title='bbox 1012 3407 1298 3491; x_wconf 84' lang='lat' dir='ltr'>Elysium</span> <span class='ocrx_word' id='word_1_171' title='bbox 1346 3407 1782 3492; x_wconf 81' lang='lat' dir='ltr'>aegyptiorum</span> <span class='ocrx_word' id='word_1_172' title='bbox 1845 3405 2154 3490; x_wconf 85' lang='lat' dir='ltr'>exprimit.</span> <span class='ocrx_word' id='word_1_173' title='bbox 2217 3406 2451 3473; x_wconf 82' lang='lat' dir='ltr'>Textus</span> <span class='ocrx_word' id='word_1_174' title='bbox 2514 3410 2611 3473; x_wconf 84' lang='lat' dir='ltr'>est</span> <span class='ocrx_word' id='word_1_175' title='bbox 2668 3408 2997 3475; x_wconf 88' lang='lat' dir='ltr'>lacunosus</span> <span class='ocrx_word' id='word_1_176' title='bbox 3060 3413 3126 3478; x_wconf 91' lang='lat' dir='ltr'>et</span> <span class='ocrx_word' id='word_1_177' title='bbox 3185 3416 3528 3496; x_wconf 89' lang='lat' dir='ltr'>corruptus,</span> <span class='ocrx_word' id='word_1_178' title='bbox 3588 3414 3655 3478; x_wconf 86' lang='lat' dir='ltr'>et</span> 
     </span>
     <span class='ocr_line' id='line_1_21' title="bbox 538 3517 1914 3606; baseline -0.003 -18"><span class='ocrx_word' id='word_1_179' title='bbox 538 3523 748 3606; x_wconf 86' lang='lat' dir='ltr'>partes</span> <span class='ocrx_word' id='word_1_180' title='bbox 794 3519 1100 3603; x_wconf 86' lang='lat' dir='ltr'>quaedam</span> <span class='ocrx_word' id='word_1_181' title='bbox 1144 3521 1292 3585; x_wconf 86' lang='lat' dir='ltr'>sunt</span> <span class='ocrx_word' id='word_1_182' title='bbox 1337 3517 1505 3583; x_wconf 82' lang='lat' dir='ltr'>male</span> <span class='ocrx_word' id='word_1_183' title='bbox 1549 3517 1914 3600; x_wconf 88' lang='lat' dir='ltr'>dispositae.</span> 
     </span>
    </p>
   </div>
   <div class='ocr_carea' id='block_1_10' title="bbox 1348 3946 2829 4063">
    <p class='ocr_par' dir='ltr' id='par_1_11' title="bbox 1348 3946 2829 4063">
     <span class='ocr_line' id='line_1_22' title="bbox 1348 3946 2829 4063; baseline 0.003 -16"><span class='ocrx_word' id='word_1_184' title='bbox 1348 3946 2159 4048; x_wconf 74' lang='lat' dir='ltr'><strong>PAPYRUM</strong></span> <span class='ocrx_word' id='word_1_185' title='bbox 2271 3946 2829 4063; x_wconf 54' lang='lat' dir='ltr'>LVIIIJ&#39;*</span> 
     </span>
    </p>
   </div>
   <div class='ocr_carea' id='block_1_11' title="bbox 1830 4165 2361 4177">
    <p class='ocr_par' dir='ltr' id='par_1_12' title="bbox 1830 4165 2361 4177">
     <span class='ocr_line' id='line_1_23' title="bbox 1830 4165 2361 4177; baseline 0 0"><span class='ocrx_word' id='word_1_186' title='bbox 1830 4165 2361 4177; x_wconf 95' lang='lat' dir='ltr'> </span> 
     </span>
    </p>
   </div>
   <div class='ocr_carea' id='block_1_12' title="bbox 1888 4323 2290 4409">
    <p class='ocr_par' dir='ltr' id='par_1_13' title="bbox 1888 4323 2290 4409">
     <span class='ocr_line' id='line_1_24' title="bbox 1888 4323 2290 4409; baseline 0.005 -21"><span class='ocrx_word' id='word_1_187' title='bbox 1888 4324 1970 4389; x_wconf 88' lang='lat' dir='ltr'>N.</span> <span class='ocrx_word' id='word_1_188' title='bbox 2023 4325 2150 4390; x_wconf 81' lang='lat' dir='ltr'>los</span> <span class='ocrx_word' id='word_1_189' title='bbox 2184 4323 2290 4409; x_wconf 79' lang='lat'>(2).</span> 
     </span>
    </p>
   </div>
   <div class='ocr_carea' id='block_1_13' title="bbox 542 4499 3654 4704">
    <p class='ocr_par' dir='ltr' id='par_1_14' title="bbox 542 4499 3654 4704">
     <span class='ocr_line' id='line_1_25' title="bbox 716 4499 3654 4595; baseline 0.003 -29"><span class='ocrx_word' id='word_1_190' title='bbox 716 4500 920 4566; x_wconf 87' lang='lat' dir='ltr'>Parva</span> <span class='ocrx_word' id='word_1_191' title='bbox 966 4499 1315 4586; x_wconf 85' lang='lat' dir='ltr'>fragmenta</span> <span class='ocrx_word' id='word_1_192' title='bbox 1366 4502 1656 4567; x_wconf 85' lang='lat' dir='ltr'>textuum</span> <span class='ocrx_word' id='word_1_193' title='bbox 1717 4501 2076 4568; x_wconf 89' lang='lat' dir='ltr'>funebrium</span> <span class='ocrx_word' id='word_1_194' title='bbox 2139 4503 2340 4587; x_wconf 86' lang='lat' dir='ltr'>signis</span> <span class='ocrx_word' id='word_1_195' title='bbox 2402 4502 2728 4570; x_wconf 89' lang='lat' dir='ltr'>hieraticis</span> <span class='ocrx_word' id='word_1_196' title='bbox 2793 4506 3155 4574; x_wconf 87' lang='lat' dir='ltr'>recentioris</span> <span class='ocrx_word' id='word_1_197' title='bbox 3200 4504 3448 4595; x_wconf 79' lang='lat' dir='ltr'>[aetatis</span> <span class='ocrx_word' id='word_1_198' title='bbox 3510 4527 3654 4575; x_wconf 90' lang='lat' dir='ltr'>cum</span> 
     </span>
     <span class='ocr_line' id='line_1_26' title="bbox 542 4612 3321 4704; baseline 0.001 -24"><span class='ocrx_word' id='word_1_199' title='bbox 542 4613 828 4696; x_wconf 88' lang='lat' dir='ltr'>reliquiis</span> <span class='ocrx_word' id='word_1_200' title='bbox 872 4613 1233 4704; x_wconf 80' lang='lat' dir='ltr'>figurarum.</span> <span class='ocrx_word' id='word_1_201' title='bbox 1281 4612 1441 4679; x_wconf 90' lang='lat' dir='ltr'>Sunt</span> <span class='ocrx_word' id='word_1_202' title='bbox 1486 4613 1670 4680; x_wconf 81' lang='lat' dir='ltr'>valde</span> <span class='ocrx_word' id='word_1_203' title='bbox 1715 4613 1947 4679; x_wconf 86' lang='lat' dir='ltr'>mutila</span> <span class='ocrx_word' id='word_1_204' title='bbox 1993 4617 2059 4681; x_wconf 87' lang='lat' dir='ltr'>et</span> <span class='ocrx_word' id='word_1_205' title='bbox 2105 4614 2362 4679; x_wconf 89' lang='lat' dir='ltr'>confusa</span> <span class='ocrx_word' id='word_1_206' title='bbox 2408 4617 2475 4681; x_wconf 89' lang='lat' dir='ltr'>et</span> <span class='ocrx_word' id='word_1_207' title='bbox 2518 4616 2688 4683; x_wconf 89' lang='lat' dir='ltr'>male</span> <span class='ocrx_word' id='word_1_208' title='bbox 2736 4618 2927 4682; x_wconf 91' lang='lat' dir='ltr'>simul</span> <span class='ocrx_word' id='word_1_209' title='bbox 2974 4618 3321 4702; x_wconf 88' lang='lat' dir='ltr'>conjuncta.</span> 
     </span>
    </p>
   </div>
   <div class='ocr_carea' id='block_1_14' title="bbox 710 4773 3661 4848">
    <p class='ocr_par' dir='ltr' id='par_1_15' title="bbox 710 4773 3661 4848">
     <span class='ocr_line' id='line_1_27' title="bbox 710 4773 3661 4848; baseline 0.004 -20"><span class='ocrx_word' id='word_1_210' title='bbox 710 4776 779 4845; x_wconf 85' lang='lat'>(¹)</span> <span class='ocrx_word' id='word_1_211' title='bbox 816 4774 881 4830; x_wconf 89' lang='lat' dir='ltr'>In</span> <span class='ocrx_word' id='word_1_212' title='bbox 917 4792 1117 4831; x_wconf 81' lang='lat' dir='ltr'>museo.</span> <span class='ocrx_word' id='word_1_213' title='bbox 1157 4774 1289 4830; x_wconf 77' lang='lat' dir='ltr'>Tab.</span> <span class='ocrx_word' id='word_1_214' title='bbox 1328 4778 1381 4830; x_wconf 84' lang='lat'>4.</span> <span class='ocrx_word' id='word_1_215' title='bbox 1417 4775 1484 4829; x_wconf 88' lang='lat' dir='ltr'>In</span> <span class='ocrx_word' id='word_1_216' title='bbox 1522 4773 1696 4830; x_wconf 87' lang='lat' dir='ltr'>Catal.</span> <span class='ocrx_word' id='word_1_217' title='bbox 1737 4773 2041 4845; x_wconf 86' lang='lat' dir='ltr'>Champoll.</span> <span class='ocrx_word' id='word_1_218' title='bbox 2094 4775 2226 4830; x_wconf 88' lang='lat' dir='ltr'>Tab.</span> <span class='ocrx_word' id='word_1_219' title='bbox 2270 4777 2351 4841; x_wconf 88' lang='grc'><strong>11,</strong></span> <span class='ocrx_word' id='word_1_220' title='bbox 2405 4794 2526 4848; x_wconf 88' lang='lat' dir='ltr'>pag.</span> <span class='ocrx_word' id='word_1_221' title='bbox 2570 4779 2650 4832; x_wconf 86' lang='lat'>17.</span> <span class='ocrx_word' id='word_1_222' title='bbox 2693 4809 2757 4818; x_wconf 89' lang='lat'>—</span> <span class='ocrx_word' id='word_1_223' title='bbox 2798 4779 2866 4847; x_wconf 78' lang='lat'>(²)</span> <span class='ocrx_word' id='word_1_224' title='bbox 2903 4779 2968 4834; x_wconf 91' lang='lat' dir='ltr'>In</span> <span class='ocrx_word' id='word_1_225' title='bbox 3006 4798 3210 4836; x_wconf 80' lang='lat' dir='ltr'>masec.</span> <span class='ocrx_word' id='word_1_226' title='bbox 3250 4782 3381 4838; x_wconf 85' lang='lat' dir='ltr'>Tab.</span> <span class='ocrx_word' id='word_1_227' title='bbox 3422 4786 3473 4839; x_wconf 89' lang='lat'>9.</span> <span class='ocrx_word' id='word_1_228' title='bbox 3512 4784 3661 4840; x_wconf 87' lang='lat' dir='ltr'>Haec</span> 
     </span>
    </p>
   </div>
   <div class='ocr_carea' id='block_1_15' title="bbox 535 4869 3664 5034">
    <p class='ocr_par' dir='ltr' id='par_1_16' title="bbox 535 4869 3664 5034">
     <span class='ocr_line' id='line_1_28' title="bbox 535 4869 3664 4947; baseline 0.003 -23"><span class='ocrx_word' id='word_1_229' title='bbox 535 4869 854 4941; x_wconf 78' lang='lat' dir='ltr'>fragmenta,</span> <span class='ocrx_word' id='word_1_230' title='bbox 892 4871 1137 4939; x_wconf 84' lang='lat' dir='ltr'>quamvis</span> <span class='ocrx_word' id='word_1_231' title='bbox 1177 4869 1246 4925; x_wconf 83' lang='lat' dir='ltr'>ad</span> <span class='ocrx_word' id='word_1_232' title='bbox 1281 4870 1493 4925; x_wconf 80' lang='lat' dir='ltr'>diversa</span> <span class='ocrx_word' id='word_1_233' title='bbox 1543 4887 1745 4941; x_wconf 80' lang='lat' dir='ltr'>papyra</span> <span class='ocrx_word' id='word_1_234' title='bbox 1793 4870 2114 4940; x_wconf 78' lang='lat' dir='ltr'>pertineant,</span> <span class='ocrx_word' id='word_1_235' title='bbox 2164 4874 2346 4926; x_wconf 83' lang='lat' dir='ltr'>tamen</span> <span class='ocrx_word' id='word_1_236' title='bbox 2398 4871 2464 4926; x_wconf 93' lang='lat' dir='ltr'>ob</span> <span class='ocrx_word' id='word_1_237' title='bbox 2504 4890 2783 4929; x_wconf 85' lang='lat' dir='ltr'>numerum</span> <span class='ocrx_word' id='word_1_238' title='bbox 2821 4878 2876 4929; x_wconf 84' lang='lat' dir='ltr'>ct</span> <span class='ocrx_word' id='word_1_239' title='bbox 2913 4876 3252 4945; x_wconf 81' lang='lat' dir='ltr'>parvitatem,</span> <span class='ocrx_word' id='word_1_240' title='bbox 3291 4878 3664 4947; x_wconf 85' lang='lat' dir='ltr'>simplicitatis</span> 
     </span>
     <span class='ocr_line' id='line_1_29' title="bbox 539 4963 1698 5034; baseline -0.002 -15"><span class='ocrx_word' id='word_1_241' title='bbox 539 4963 732 5033; x_wconf 77' lang='lat' dir='ltr'>gratia,</span> <span class='ocrx_word' id='word_1_242' title='bbox 769 4967 832 5018; x_wconf 92' lang='lat' dir='ltr'>nt</span> <span class='ocrx_word' id='word_1_243' title='bbox 870 4963 1087 5019; x_wconf 88' lang='lat' dir='ltr'>unicum</span> <span class='ocrx_word' id='word_1_244' title='bbox 1125 4980 1387 5034; x_wconf 85' lang='lat' dir='ltr'>papyrum</span> <span class='ocrx_word' id='word_1_245' title='bbox 1425 4967 1698 5019; x_wconf 83' lang='lat' dir='ltr'>notantur.</span> 
     </span>
    </p>
   </div>
  </div>
 </body>
</html>
