5034 6400
1881 584 2278 649 -133-

1338 927 2145 1032 PAPYRUM
2253 928 2854 1033 LXXX-¹³³¹

1941 1351 2019 1418 N.
2075 1354 2221 1418 133.

717 1534 1032 1617 Papyrum
1076 1551 1370 1620 graecum
1400 1532 1680 1616 eJusdem
1710 1534 1940 1599 aetatis
1987 1534 2309 1600 continens
2357 1535 2690 1618 epistolam
2722 1534 3051 1602 Mendenis
3097 1534 3179 1600 ad
3247 1536 3517 1603 Teonem
3576 1537 3642 1601 in

541 1663 666 1728 qua
712 1648 861 1711 nota
904 1646 1328 1729 impensarum
1373 1644 1610 1731 legitur
1652 1664 1796 1711 cum
1841 1644 2222 1712 indicatione
2268 1645 2394 1713 olei
2439 1646 2736 1712 frumenti
2772 1651 2835 1712 et
2866 1646 3133 1713 aliarum
3178 1663 3407 1713 rerum.
3476 1647 3642 1715 Inci-

543 1757 642 1840 pit
685 1755 1040 1844 Μεννηδης
1086 1758 1300 1824 &soom
1344 1779 1560 1841 χαιρες
1587 1807 1779 1821 .....
1826 1755 2107 1840 Explicit
2150 1777 2235 1832 ως
2279 1759 2563 1844 καθηκει.

1738 2015 2444 2023 mm

1271 2320 2073 2423 PAPYRUM
2168 2317 2839 2425 ΙΛΧΧΧΙΡ1ιί

1939 2747 2018 2812 N.
2075 2748 2220 2811 134.

710 2927 1022 3011 Papyrum
1066 2945 1361 3013 graecum
1408 2926 1687 3011 ejusdem
1732 2926 1960 2992 aetatis
2005 2925 2328 2992 continens
2376 2926 2709 3010 epistolam
2772 2926 3156 2992 familiarem
3220 2925 3503 3011 Dionysii
3549 2927 3630 2992 ad

535 3036 946 3103 Polistionem
1007 3037 1264 3104 fratrem
1325 3055 1468 3104 cum
1527 3038 1720 3103 variis
1780 3037 2288 3104 salutationibus.
2361 3036 2600 3120 Incipit
2680 3042 3023 3112 Διονυσιος
3081 3035 3510 3103 Heluorum
3567 3059 3657 3100 w

538 3143 828 3232 αδελφω.
877 3146 1153 3233 Explicit
1196 3162 1480 3235 ερρωσω.

1228 3560 2039 3664 PAPYRUM
2146 3560 2907 3666 LXXXIP*

1883 3784 2219 3792 —--—-—-——-—

1935 3985 2014 4051 N.
2071 3988 2217 4053 135.

710 4165 1025 4249 Papyrum
1070 4184 1362 4251 graecum
1408 4167 1730 4234 continens
1776 4166 2111 4251 epistolam
2137 4166 2484 4251 supplicem
2518 4165 2873 4233 Ptolomaei
2908 4165 3151 4232 Parisii
3198 4165 3322 4233 filii
3366 4165 3445 4234 ad
3478 4168 3621 4234 Dio-

527 4277 761 4342 nisium
806 4278 1156 4364 strategum
1200 4278 1267 4345 in
1297 4298 1424 4362 qua
1468 4279 1677 4365 agitur
1722 4279 1799 4345 de
1846 4275 2094 4363 injuriis
2140 4297 2294 4362 quas
2341 4279 2476 4363 ipse
2505 4276 2770 4344 sustulit
2801 4276 2867 4343 in
2893 4276 3162 4361 Serapeo
3195 4278 3309 4345 ubi
3342 4278 3629 4366 degebat.

534 4385 802 4454 Videtur
860 4389 1088 4455 aetatis
1134 4388 1486 4456 Ptolomaei
1546 4388 1886 4457 Alexandri
1940 4393 2004 4456 et
2034 4390 2294 4457 fortasse
2348 4388 2510 4456 ’anni
2566 4391 2652 4456 88
2731 4391 2877 4457 ante
2927 4388 3272 4458 Christum.
3335 4389 3439 4456 Ad
3499 4391 3655 4481 cal--

535 4518 671 4566 cem
706 4498 1008 4584 epistolae
1039 4498 1272 4587 legitur
1298 4501 1673 4586 rescriptum
1702 4498 1985 4589 strategi.
2019 4498 2096 4568 In
2126 4520 2343 4568 aversa
2370 4504 2551 4586 parte
2582 4503 2680 4569 est
2709 4494 3011 4569 indicatio
3042 4484 3193 4569 anni
3228 4500 3308 4568 19
3339 4500 3634 4589 (fortasse

527 4612 697 4700 regis
742 4611 1178 4697 suprascripti)
1211 4615 1275 4679 et
1305 4612 1433 4679 diei
1463 4615 1543 4678 21
1580 4608 1813 4681 mensis
1859 4613 2147 4697 Phaophi
2192 4632 2301 4679 seu
2324 4613 2614 4684 octobris,
2662 4632 2807 4680 cum
2854 4613 3256 4698 inscriptione
3302 4612 3383 4679 ad
3413 4633 3628 4698 quem-

526 4728 669 4790 dam
720 4722 1160 4789 Menedemum
1189 4722 1293 4808 (¹).

691 4942 763 5009 (¹)
799 4938 882 4995 Cf.
923 4939 1049 5004 Mai,
1092 4937 1355 4998 classicis
1392 4949 1663 4999 auctores.
1703 4941 1822 4998 Vol.
1861 4936 1954 5006 IV,
1992 4959 2117 5013 pag.
2155 4944 2373 4998 444·45.
