5034 6400
2708 610 3064 672 -92-

1521 753 1696 818 Haec
1741 750 2010 817 formula
2040 749 2243 815 notari
2274 748 2461 816 debet
2490 750 2708 831 utpote
2739 747 3008 832 alicujus
3055 749 3373 826 momenti,
3424 766 3565 814 nam
3616 747 3825 816 differt
3871 749 3950 815 ab
4000 749 4143 815 aliis
4189 770 4348 833 quae
4396 750 4460 817 in

1341 864 1590 948 papyris
1636 863 1932 947 leguntur
1976 860 2362 945 magicarum
2408 858 2927 925 incantationum.
2978 860 3062 925 Et
3106 878 3319 926 revera
3365 860 3431 925 in
3476 878 3708 945 papyro
3754 860 3977 926 Hatris
4026 859 4295 947 legitur:

2415 1010 3370 1168 Ϋῇῧέἒξᾉ

2459 1192 2553 1267 ha
2600 1212 2691 1259 en
2812 1191 2854 1256 k
3035 1191 3279 1270 maku

2478 1303 2647 1372 Vade
2740 1312 2917 1371 retro
3039 1303 3276 1382 maku
3322 1301 3404 1389 (¹)

1525 1466 1600 1530 In
1646 1463 1894 1548 papyris
1941 1465 2150 1528 autem
2199 1462 2436 1527 musaei
2482 1460 2896 1526 taurinensis:

2459 1612 3348 1769 QeQbilss-AEOE÷⁰”⁰'³

2485 1799 2584 1860 au
2667 1798 2703 1856 a
2794 1792 2988 1861 sena
3078 1796 3297 1861 metu

2465 1906 2730 1991 Repello
2825 1926 2936 1991 eqo
3046 1926 3367 1974 venenum.

1529 2066 1604 2130 In
1640 2083 1870 2150 papyro
1902 2065 2110 2129 nostro
2143 2062 2431 2128 vaticano
2464 2062 2765 2128 formulae
2787 2060 2923 2144 jam
2956 2061 3308 2146 descriptae
3341 2060 3622 2147 sequitur
3652 2082 3876 2129 nomen
3907 2064 4234 2149 cujusdam
4266 2065 4461 2148 partis

1351 2178 1608 2245 humani
1656 2177 1923 2260 corporis
1972 2195 2009 2241 a
2055 2194 2180 2259 qua
2224 2194 2367 2241 cum
2398 2173 2788 2241 invocatione
2834 2173 2951 2238 illa
2994 2175 3294 2260 Aegyptii
3341 2175 3653 2243 maleficos
3699 2175 3969 2243 influxus
4013 2176 4313 2260 repellere
4357 2196 4464 2260 pu-

1352 2291 1594 2355 tabant.
1640 2287 1882 2353 Nomen
1930 2285 2210 2352 defuncti
2255 2284 2359 2351 vel
2402 2283 2673 2351 viventis
2719 2304 2830 2368 pro
2877 2304 2997 2369 quo
3042 2288 3249 2351 textus
3296 2287 3682 2371 conscriptus
3727 2289 3933 2355 fuerat
3964 2288 4351 2354 desideratur
4393 2290 4466 2353 ut

1353 2404 1419 2468 in
1464 2400 1756 2485 plurimis
1813 2398 2092 2482 ejusdem
2145 2397 2408 2483 generis„
2466 2397 2801 2463 Formulae
2848 2398 3327 2481 deprecatoriae,
3375 2400 3560 2466 rubro
3605 2401 3807 2467 colore
3862 2401 3927 2466 in
3984 2402 4209 2484 primis
4270 2400 4464 2487 signis

1356 2514 1658 2598 depictae,
1708 2513 1854 2578 sunt
1914 2513 2126 2577 contra
2187 2509 2590 2576 divinitatem
2648 2509 2998 2576 maleficam
3057 2509 3447 2589 muliebrem,
3512 2532 3657 2578 nam
3720 2513 4272 2580 determinativum
4331 2515 4469 2597 post

1355 2654 1545 2720 verba
1582 2650 1732 2751 ἡ
1760 2622 1808 2775 ff
1836 2650 1999 2775 -Xfl
2039 2654 2136 2717 est
2172 2649 2545 2715 femininum
2600 2619 2708 2774 ffl:
2760 2652 2824 2715 et
2868 2648 3098 2714 idcirco
3129 2649 3276 2716 huic
3307 2650 3482 2736 signo
3513 2650 3794 2748 litteram
3828 2659 3874 2731 t,
3908 2652 4196 2719 feminini
4225 2653 4466 2739 generis

1352 2801 1686 2887 propriam,
1704 2799 2175 2868 subscribimus.
2196 2798 2355 2865 Cum
2377 2800 2583 2864 textus
2608 2799 2905 2864 obscurus
2931 2799 2995 2864 et
3017 2797 3280 2863 mutilus
3305 2798 3407 2874 sit,
3433 2817 3736 2884 papyrum
3763 2800 3830 2864 in
3852 2799 4091 2865 tabulis
4116 2801 4219 2865 11³
4245 2802 4309 2867 et
4330 2800 4466 2866 111³

1355 2913 1750 2999 phototypice
1800 2911 2183 2995 exprimitur,
2232 2913 2307 2975 ut
2365 2911 2472 2994 qui
2517 2908 2676 2977 velit
2722 2909 3299 2992 interpretationem
3359 2910 3666 2997 integram
3727 2910 3983 2997 adgredi
4026 2913 4259 2995 possit3
4307 2907 4495 2994 nunc,

1355 3045 1498 3093 vero
1543 3025 1822 3091 rubricas
1867 3026 2116 3090 tantum
2162 3022 2656 3108 incantationum
2697 3022 3147 3104 explicabimus
3180 3040 3217 3086 a
3247 3023 3537 3089 columna
3567 3023 3636 3088 1⁰
3668 3023 4051 3089 dextrorsum
4078 3023 4467 3110 respicientis

1359 3137 1440 3205 ad
1482 3137 1729 3204 laevam
1774 3133 2239 3231 progrediendo.
2289 3132 2650 3201 Notandum
2699 3136 2796 3201 est
2840 3132 3005 3216 quod
3049 3136 3192 3217 post
3235 3134 3349 3198 has
3395 3134 3693 3201 formulas
3749 3134 3927 3202 adest
3978 3135 4226 3222 signum
4279 3134 4467 3203 inter-

1359 3250 1715 3335 punctionis
1744 3250 1929 3316 rubro
1961 3248 2162 3315 colore
2195 3247 2533 3331 depictum,
2569 3247 2732 3330 quod
2763 3246 3014 3331 signum
3045 3247 3304 3329 adparet
3334 3248 3527 3313 etiam
3556 3247 3702 3314 hinc
3733 3248 3881 3316 inde
3912 3248 3976 3314 in
4006 3249 4244 3331 reliquo
4273 3250 4467 3319 textu.

2679 3588 3037 3663 Columna
3080 3587 3137 3660 1.

1457 3730 1628 3785 Linea
1662 3729 1763 3784 111.

2346 3847 2496 3950 ἡ
2523 3820 2572 3976 i
2602 3825 2765 3968 73¹²
2782 3818 2857 3974 d
2884 3819 3036 3973 ᾗ
3065 3839 3217 3960 ΞΓ·
3249 3856 3288 3933 <³
3324 3871 3476 3914 “—

2337 4020 2485 4067 nen
2625 3999 2722 4075 ha
2797 4000 2828 4065 t
2904 4019 3014 4067 em
3060 4000 3293 4082 sepet
3382 3997 3445 4063 f·

2386 4116 2481 4179 Ne
2618 4120 2746 4180 stes
2792 4118 3022 4179 contra
3067 4110 3325 4178 labrum
3372 4112 3535 4197 ejus.

1456 4244 1624 4300 Linea
1660 4244 1754 4299 IV.

2255 4336 3596 4493 sswsnzmss

2265 4537 2414 4585 nen
2550 4517 2646 4594 ha
2721 4519 2926 4582 tem
3060 4517 3187 4582 tes
3293 4518 3380 4582 tu
3484 4517 3519 4582 f

2299 4650 2376 4697 ne
2420 4638 2546 4698 stes
2593 4638 2822 4698 eontra
2870 4627 3117 4695 dentem
3165 4629 3309 4715 ejus

1538 4906 1605 4976 (¹)
1642 4906 1844 4977 Maku
1881 4910 1964 4962 est
2000 4923 2164 4962 unum
2203 4924 2265 4962 ex
2302 4904 2612 4961 nominibus
2638 4904 2913 4961 crocodili.
2941 4903 3025 4960 cf.
3050 4905 3460 4960 translationem
3497 4921 3657 4974 quam
3696 4904 3761 4962 de
3798 4906 3900 4961 hoc
3936 4920 4137 4976 papyro
4163 4903 4313 4961 dedit
4337 4903 4479 4960 idem

1359 4999 1574 5056 Chabas
1613 5002 1669 5055 in
1705 4999 1989 5073 Melanqes
2026 4999 2491 5075 epyptoloqiques,
2529 5000 2635 5056 vol.
2672 4998 2717 5064 1,
2754 5016 2879 5071 pag.
2918 4998 3039 5055 248.
3075 4999 3141 5054 In
3177 5016 3378 5070 papyro
3419 4999 3536 5056 Salt
3572 4998 3803 5056 formula
3840 5002 4026 5055 contra
4061 4999 4187 5055 deos
4212 4999 4483 5056 maleficos

1357 5099 1468 5151 est:
1504 5092 1680 5166 facies
1719 5100 1929 5151 vestras
1968 5093 2206 5151 avertite
2243 5093 2332 5164 (cf.
2372 5094 2557 5159 Birch,
2595 5095 2631 5149 l.
2672 5092 2757 5163 c.).
