5034 6400
685 760 952 828 Videtur
996 760 1225 826 aetatis
1272 760 1596 846 dynastiae
1628 760 1842 838 XXII,
1878 760 2124 827 scilicet
2154 760 2392 826 saeculi
2424 760 2569 827 ante
2603 759 2926 828 Christum
2960 758 3209 826 decimi.
3244 758 3626 847 Fragmenta

510 872 698 956 hujus
745 874 966 957 papyri
1012 872 1179 939 male
1226 872 1291 938 in
1337 872 1455 938 hac
1485 872 1708 938 tabula
1740 871 1818 938 ab
1850 872 2090 959 origine
2123 871 2431 956 disposita
2462 874 2644 951 sunt3
2676 873 3053 954 quapropter
3082 874 3292 957 partes
3322 875 3628 956 quaedam

504 985 781 1068 ejusdem
827 985 1091 1069 capituli
1136 1002 1298 1049 nunc
1345 984 1667 1065 separatae
1711 983 2029 1068 adparent.
2065 984 2262 1050 Prout
2307 1003 2471 1050 nunc
2515 985 2727 1066 partes
2760 982 3103 1068 dispositae
3136 988 3302 1060 sunt,
3336 1005 3374 1051 a
3405 985 3620 1053 dextra

502 1096 583 1162 ad
628 1095 878 1164 laevam
924 1094 1394 1182 progrediendo.
1445 1094 1752 1161 columnis
1798 1094 2127 1177 parallelis
2174 1094 2561 1162 observatur.

687 1297 1025 1365 COLUMNA
1074 1299 1126 1364 I.
1175 1299 1419 1365 Tabula
1466 1299 1733 1383 capituli
1780 1298 1900 1366 CII
1949 1316 2105 1382 quae
2155 1298 2519 1364 defunctum
2556 1296 2850 1380 exprimit
2895 1299 3175 1364 orantem
3221 1298 3287 1364 in
3336 1299 3627 1366 navicula

508 1409 662 1476 solis
709 1414 853 1477 ante
902 1412 1087 1478 deum
1136 1412 1259 1477 Ra.
1308 1410 1559 1477 Titulus
1608 1411 1736 1476 est:
1796 1411 2166 1496 Capitulum
2212 1430 2334 1497 quo
2387 1409 2761 1493 z‘nqredz‘tur
2806 1411 2880 1477 in
2924 1413 3302 1479 naviculam
3350 1415 3528 1480 solis.

690 1614 1029 1683 COLUMNA
1077 1614 1164 1679 II.
1215 1615 1460 1680 Tabula
1518 1615 1762 1680 rituum
1821 1614 2180 1680 funebrium
2239 1614 2307 1679 in
2369 1633 2493 1697 qua.
2554 1614 2702 1680 sunt
2762 1612 2998 1698 figurae
3061 1612 3454 1680 sacerdotum
3514 1615 3622 1698 qui

513 1746 804 1812 pompam
851 1728 1176 1794 funebrem
1200 1705 1364 1793 'cum
1412 1743 1728 1793 sacrorum
1774 1713 2128 1812 insignibus
2160 1727 2547 1793 comitantur
2580 1729 2644 1793 et
2674 1726 3050 1792 sacrificium
3081 1727 3226 1794 ante
3273 1727 3625 1811 sepulcrum

513 1839 794 1905 offerunt.
842 1839 1088 1905 Tabula
1130 1837 1464 1921 respondet
1507 1839 1824 1922 capitibus
1871 1858 1909 1903 a
1954 1838 1987 1902 Ι
2036 1838 2116 1904 ad
2162 1839 2357 1904 ΝΜ.
2407 1837 2537 1905 Sub
2584 1840 2899 1920 postrema
2926 1841 3103 1922 parte
3134 1838 3322 1920 huius
3368 1839 3624 1905 tabulae

517 1951 749 2037 legitur
793 1954 985 2033 caput
1028 1950 1151 2016 XV
1199 1950 1363 2033 quod
1408 1951 1710 2035 hymnum
1757 1951 2036 2016 continet
2081 1949 2186 2016 dei
2232 1950 2406 2016 solis

697 2152 1034 2221 COLUMNA
1083 2153 1205 2219 111.
1255 2153 1514 2237 Pugnae
1560 2150 1838 2217 defuncti
1895 2150 2191 2217 adversus
2253 2153 2532 2218 monstra
2593 2154 2657 2218 et
2717 2151 3020 2218 animalia
3079 2152 3366 2220 malefica
3425 2175 3463 2221 a
3523 2177 3627 2224 ca-

516 2265 648 2350 pite
692 2264 983 2330 XXXIII
1031 2266 1111 2330 ad
1157 2263 1372 2329 XL¹¹¹¹¹.
1423 2262 1551 2329 Sub
1599 2263 1801 2349 figura
1846 2262 2126 2328 defuncti
2174 2262 2284 2345 qui
2331 2261 2715 2329 testudinem
2738 2263 3074 2348 transfigit.
3107 2283 3266 2346 quae
3297 2266 3516 2334 tabula
3560 2270 3625 2334 in

517 2396 745 2462 papyro
791 2376 1141 2444 taurinensi
1187 2375 1385 2459 capiti
1448 2375 1750 2452 XXXVI
1792 2374 2143 2459 respondet,
2207 2375 2440 2462 legitur
2502 2378 2694 2459 caput
2752 2375 3105 2441 XXXVIII
3162 2376 3339 2461 cujus
3398 2380 3628 2447 titulus

516 2491 643 2555 est:
702 2489 1069 2576 Capitulum
1114 2508 1235 2575 quo
1283 2489 1537 2555 vivitur
1581 2508 1665 2555 ea·
1710 2488 2260 2586 insufflationibus
2309 2491 2381 2556 in
2427 2487 2662 2556 divina
2707 2490 2972 2574 reqione
3016 2489 3440 2559 subterranea
3486 2501 3600 2563 ete.

700 2692 1041 2760 COLUMNA
1080 2692 1186 2756 [V.
1220 2662 1673 2778 Fragmentum
1705 2693 1821 2758 hoc
1850 2692 2018 2757 male
2051 2696 2148 2758 est
2179 2691 2557 2775 dispositum
2589 2695 2652 2759 et
2684 2694 2929 2774 spectat
2958 2691 3038 2758 ad
3070 2689 3356 2758 tabulam
3386 2693 3627 2760 rituum

514 2804 889 2872 funebrium.
924 2804 998 2869 In
1047 2822 1116 2870 eo
1151 2803 1453 2887 aspicitur
1483 2803 1749 2870 cadaver
1782 2804 2159 2869 exsiccatum
2194 2804 2357 2887 quod
2390 2803 2541 2869 deus
2574 2804 2818 2871 Anubis
2850 2804 3152 2870 sustinet:
3189 2806 3335 2871 ante
3366 2805 3630 2872 cadaver

516 2915 743 2982 mulier
786 2914 1037 2998 plorans
1086 2917 1224 2982 orat
1266 2914 1531 3000 genibus
1574 2914 1770 2980 flexis.

696 3115 1036 3184 COLUMNA
1084 3116 1160 3181 V.
1211 3116 1456 3181 Tabula
1502 3115 1769 3201 capituli
1815 3117 2106 3183 XXVII:
2156 3136 2263 3183 seu
2320 3116 2654 3184 defunctus
2702 3118 2810 3202 qui
2857 3120 3122 3201 quatuor
3150 3118 3366 3205 genios
3396 3120 3630 3187 inferos

515 3228 753 3296 adorat.
788 3227 1041 3295 Titulus
1090 3230 1221 3295 est:
1280 3229 1648 3315 Capitulum
1694 3250 1816 3316 quo
1863 3232 1942 3316 fit
1987 3250 2066 3297 ne
2112 3230 2466 3317 auferatur
2512 3250 2627 3299 cor
2673 3231 2924 3298 homini
2971 3231 3041 3296 iu
3085 3229 3319 3297 diviua
3366 3234 3632 3318 reqz'oue

518 3341 959 3407 subterranea.

697 3540 1034 3609 Commu
1082 3540 1193 3606 VI.
1243 3540 1491 3607 Tabula
1535 3560 1672 3625 cap.
1722 3541 1942 3607 XXVI
1990 3560 2133 3607 cum
2179 3541 2539 3609 adoratione
2585 3542 2923 3608 scarabaei.
2958 3541 3213 3609 Titulus
3260 3546 3388 3609 est:
3445 3547 3629 3630 Capi-

518 3652 721 3722 tulum
767 3673 887 3739 quo
936 3651 1135 3719 datur
1180 3671 1294 3721 cor
1341 3653 1593 3721 homiui
1638 3654 1708 3720 in
1755 3652 1984 3720 diviua
2031 3655 2292 3738 reye‘oue
2338 3655 2787 3721 subterranea.

694 3853 1032 3920 COLUMNA
1080 3853 1227 3918 VII.
1277 3853 1657 3939 Fragmenta
1702 3854 1835 3921 alia
1880 3853 2047 3921 male
2093 3855 2401 3939 disposita
2430 3875 2591 3938 quae
2625 3855 2705 3922 ad
2735 3855 3023 3923 tabulam
3054 3857 3290 3923 funeris
3319 3858 3626 3941 spectant.

699 4056 1038 4124 COLUMNA
1085 4055 1269 4120 VIII.
1319 4054 1565 4121 Tabula
1610 4055 1875 4139 capituli
1924 4057 2065 4122 LII.
2115 4056 2463 4123 Defunctus
2509 4055 2732 4124 sedens
2778 4060 2923 4124 ante
2971 4057 3257 4124 tabulam
3303 4057 3624 4124 lusoriam.

513 4165 765 4234 Titulus
812 4170 943 4234 est:
999 4168 1368 4253 Capitulum
1413 4186 1535 4254 quo
1599 4169 1678 4253 fit
1737 4187 1817 4235 ue
1878 4166 2221 4255 defunctus
2267 4166 2561 4236 comedat
2605 4167 2782 4236 cibos
2838 4169 3199 4237 immundos
3261 4171 3333 4238 in
3391 4169 3627 4238 divina

517 4280 779 4363 reqione
824 4278 1282 4347 subterranea.

691 4478 1030 4546 COLUMNA
1078 4478 1193 4544 IX.
1243 4478 1490 4545 Tabula
1543 4478 1812 4563 capituli
1871 4479 2051 4567 LIII.
2115 4479 2467 4545 Defunctus
2531 4480 2751 4547 sedens
2798 4481 2944 4547 ante
2989 4499 3160 4546 aram
3208 4480 3618 4560 oblationum,
3672 4536 3679 4541 .

513 4588 764 4656 dextera
809 4591 1091 4673 pateram
1138 4608 1380 4675 gerens.
1429 4589 1682 4655 Titulus
1730 4592 1861 4657 est:
1905 4592 2275 4679 Capitulum
2308 4611 2430 4677 quo
2478 4594 2558 4678 fit
2603 4613 2680 4659 ne
2727 4591 3072 4678 defunctus
3119 4592 3406 4661 comedat
3454 4595 3630 4660 eibos

509 4701 867 4769 immundos
913 4721 1029 4769 uec
1076 4703 1259 4770 bibat
1303 4721 1410 4769 res
1455 4701 1706 4789 fetidas
1754 4705 1827 4771 in
1872 4702 2107 4770 divina
2155 4705 2420 4789 reqione
2466 4704 2914 4772 subterranea.

690 4879 1029 4948 Gonnum
1075 4881 1156 4947 X.
1205 4880 1451 4947 Tabula
1481 4879 1750 4965 capituli
1783 4879 1951 4946 LIV.
1985 4880 2337 4948 Defunctus
2367 4900 2560 4948 manu
2591 4880 2849 4948 sinistra
2878 4900 3097 4968 gerens
3129 4900 3386 4966 parvam
3418 4883 3627 4949 velam

508 4993 847 5059 extensam.
912 4993 1162 5059 Titulus
1241 4995 1369 5061 est:
1443 4992 1812 5080 Capitulum
1871 5013 1989 5079 quo
2053 4992 2301 5062 dantur
2360 4995 2837 5080 insufflationes
2899 4993 3202 5083 defuncto
3265 4997 3338 5062 in
3398 4993 3628 5063 divina

512 5106 776 5190 reqione
819 5105 1261 5173 subterranea.
