5034 6400
1892 632 2253 698 -63-

1328 1303 2146 1408 PAPYRUM
2234 1301 2821 1410 XVIII.⁰¹‘

1947 1701 2028 1768 N.
2077 1702 2186 1767 61.

686 1883 1002 1968 Papyrum
1048 1883 1278 1950 litteris
1326 1883 1647 1950 hieraticis
1695 1885 1759 1949 et
1804 1882 2026 1970 figuris
2072 1881 2249 1968 nigro
2298 1880 2503 1947 colore
2550 1879 2817 1963 depictis
2863 1877 3280 1950 illustratum
3311 1876 3632 1944 continens

504 2021 786 2107 capitula
841 2021 1148 2105 quaedam
1210 2021 1364 2088 libri
1416 2035 1569 2071 C>
1414 1989 1747 2149 T&
1777 2035 1848 2103 Γῑ]
1877 1993 2140 2063 ΘΟ
2195 2040 2238 2105 p
2255 2039 2289 2087 e
2305 2041 2338 2087 ι·
2404 2038 2519 2091 em
2583 2019 2629 2084 h
2646 2038 2679 2085 e
2695 2037 2799 2084 ru.
2848 2017 3297 2103 Fragmentum
3340 2017 3629 2082 notatum

502 2168 569 2235 in
613 2167 837 2234 tabula
880 2186 943 2233 n.
991 2171 1031 2235 2
1078 2168 1224 2254 (col.
1273 2169 1432 2235 XIV
1478 2170 1542 2236 et
1586 2167 1787 2253 seqq.)
1853 2169 2020 2237 male
2067 2167 2443 2254 dispositum
2487 2166 2615 2233 fuit
2646 2165 2740 2233 ad
2785 2166 3031 2232 laevam
3076 2164 3410 2250 fragmenti
3456 2164 3626 2229 n.1.

504 2277 682 2346 Illud
726 2278 956 2345 subiici
1003 2278 1192 2347 debet
1213 2323 1220 2331 -
1242 2280 1591 2368 fragmento
1646 2302 1709 2347 n.
1769 2283 1826 2361 1,
1873 2281 1969 2348 ita
2029 2282 2103 2347 ut
2162 2281 2371 2364 prima
2429 2277 2718 2344 columna
2777 2276 2964 2343 unius
3023 2275 3347 2344 columnae
3392 2274 3631 2359 primae

503 2389 764 2458 alterius
807 2390 1198 2474 respondeat.
1250 2391 1519 2458 Videtur
1563 2393 1792 2459 aetatis
1837 2392 2163 2459 sahiticae.

681 2498 999 2585 Scriptum
1042 2502 1167 2569 fuit
1210 2522 1320 2587 pro
1366 2504 1632 2570 muliere
1678 2504 1782 2570 cui
1828 2502 2058 2569 titulus
2103 2504 2169 2570 et
2211 2520 2471 2569 nomen:

969 2685 1232 2837 116ςῇ
1390 2683 1509 2837 Ἣ
1615 2693 1765 2837 sil„
1846 2677 2888 2838 Qfflwnsffiffl
3046 2671 3296 2830 (531¹)

1009 2864 1190 2927 asar
1394 2860 1534 2938 ahi
1647 2880 1775 2928 en·
1872 2866 2095 2970 amon
2184 2869 2264 2925 ra
2505 2860 2746 2967 astur
2922 2874 3249 2936 maxeru

923 2972 1251 3059 Defuneta
1281 2970 1582 3040 sacerdos
1613 2971 1773 3059 (dei)
1862 2971 2276 3038 Amen-Ba
2489 2968 2739 3033 Astur
2891 2966 3287 3053 justificata.

677 3180 1019 3260 Cominus
1048 3193 1102 3259 Ι.
1137 3192 1432 3262 Continet
1465 3197 1708 3280 partem
1738 3193 2005 3280 capituli
2036 3191 2386 3261 CXXXIII
2418 3190 2599 3277 cujus
2627 3188 2809 3257 tituli
2838 3189 3016 3277 signa
3045 3207 3243 3274 pauca
3274 3191 3626 3274 supersunt.

497 3302 751 3369 Titulus
798 3308 962 3371 erat:
1011 3305 1214 3373 Liber
1258 3309 1374 3393 qui
1419 3305 1534 3373 dat
1579 3309 2056 3394 perfectionem
2102 3305 2409 3390 defuneto
2456 3308 2530 3373 in
2583 3306 2734 3373 sinu
2786 3304 2983 3372 Solis.
3037 3303 3341 3389 Scriptus
3403 3311 3497 3371 est
3556 3304 3626 3370 in

500 3413 608 3482 die
652 3418 889 3485 mensis
917 3465 1108 3482 .....
1160 3416 1340 3484 Finis
1385 3416 1665 3501 ejusdem
1708 3418 1976 3502 capituli
2022 3420 2119 3484 est
2162 3417 2231 3483 in
2275 3416 2394 3484 col.
2442 3416 2622 3482 XIV.

682 3639 1021 3709 commu
1067 3641 1157 3708 11.
1205 3642 1363 3710 Pars
1408 3644 1675 3728 capituli
1727 3643 2083 3712 CXXXIV.
2132 3644 2229 3711 De
2276 3643 2465 3710 titu10
2508 3642 2749 3729 legitur
2791 3642 3041 3708 tantum
3086 3613 3392 3767 *RQ
3419 3644 3636 3725 {tuan

499 3785 878 3873 (adoratio).
927 3790 1178 3858 Titulus
1227 3794 1395 3858 erat:
1444 3792 1768 3863 Adoratio
1816 3793 1932 3861 deo
1978 3794 2091 3861 Ra
2137 3795 2210 3861 in
2254 3791 2362 3860 die
2405 3794 2642 3861 mensis
2672 3798 2732 3859 et
2762 3792 3100 3881 neviqatio
3133 3794 3206 3860 in
3235 3793 3414 3859 navi.
3447 3791 3628 3859 Finis

501 3896 778 3982 ejusdem
822 3902 1087 3986 capituli
1130 3907 1246 3976 ,est
1303 3903 1371 3969 in
1435 3903 1553 3971 col.
1602 3905 1743 3971 XV.
1792 3902 1921 3971 Sub
1966 3905 2086 3971 hac
2146 3904 2436 3972 columna
2479 3904 2603 3970 XV
2648 3902 2997 3986 adspicitur
3052 3901 3229 3969 navis
3284 3901 3626 3989 symbolica

502 4029 659 4093 quae
702 4013 984 4097 procedit
1044 4033 1230 4098 super
1290 4015 1541 4101 signum
1599 4015 1758 4083 coeli
1804 4017 1984 4101 (a
2030 4036 2073 4101 p
2091 4015 2216 4099 et).
2281 4016 2359 4082 In
2415 4014 2564 4083 navi
2622 4016 2754 4081 stat
2814 4014 3106 4081 defuncta
3166 4014 3410 4080 discum
3471 4014 3624 4082 solis

519 4121 800 4204 adorans,
842 4125 909 4191 in
955 4144 1074 4209 quo
1120 4128 1268 4192 sunt
1312 4126 1620 4213 imagines
1667 4128 2094 4195 divinitatum.

679 4317 1019 4413 Gonnum
1064 4347 1189 4412 ΙΙΙ.
1241 4348 1498 4415 Pictura
1547 4349 1800 4416 exhibet
1845 4349 2205 4418 defunctam
2251 4349 2528 4416 orantem
2547 4347 2643 4424 ,in
2687 4348 2837 4415 navi
2879 4351 3024 4415 ante
3071 4348 3312 4415 discum
3362 4348 3531 4414 solis.

601 4474 732 4547 Cap.
772 4475 1032 4534 CXXXV.

612 4650 770 4696 v·
872 4597 1033 4748 5>
1136 4593 1295 4755 :32
1409 4629 1542 4722 ·‘·²·
1656 4604 1813 4745 ἵζω
1915 4596 2316 4752 ΟΦῊ·
2420 4595 3144 4752 Φεὶἕὶῖ
3028 4597 3365 4726 ‘³²3'

634 4770 741 4838 Ki
926 4791 1005 4838 ro
1152 4769 1279 4852 tet
1419 4767 1549 4841 tu
1643 4776 1820 4859 xeft
1996 4775 2138 4854 ath
2410 4794 2610 4859 renp
2783 4774 2986 4842 heru
3074 4776 3277 4854 abtu

504 4882 712 4952 Aliud
756 4885 1116 4971 capitulum
1162 4883 1506 4954 dicendum
1663 4907 1808 4956 cum
1987 4888 2145 4956 luna
2322 4894 2677 4956 renovatae·
2744 4888 2815 4955 in
2860 4887 2970 4957 die
3037 4888 3294 4956 mensis.

665 5121 734 5192 (¹)
768 5122 834 5179 In
854 5140 1038 5180 museo
1057 5122 1340 5180 Tab.1.1n
1359 5123 1608 5194 catalogo
1629 5120 2053 5193 champollionii
2078 5120 2212 5177 Tab.
2235 5121 2336 5176 XV
2356 5121 2470 5178 litt.
2496 5121 2561 5177 A.
2587 5139 2713 5195 pag.
2739 5123 2809 5179 29
2825 5116 2930 5178 'ubi
2954 5139 3148 5178 nomen
3168 5122 3371 5193 legitur
3392 5119 3621 5194 Isdejer.
