5034 6400
2765 624 3161 691 -100-

1593 766 1813 832 Iamna
1860 764 1949 830 ΙΙ.
1999 763 2277 846 Quatuor
2329 764 2564 852 figurae
2616 765 2958 851 geniorum,
3008 786 3079 834 ex
3135 766 3360 850 quibus
3419 766 3625 850 prima
3680 765 3953 832 humano
4012 766 4219 849 capite
4279 764 4515 843 sedens,

1413 879 1612 945 altera
1655 877 1890 961 pariter
1934 877 2154 943 sedens
2201 896 2344 943 cum
2391 876 2563 943 disco
2609 877 2761 944 solis
2808 878 2876 944 in
2922 879 3056 945 loco
3102 879 3350 961 capitiS,
3401 877 3590 945 tertia
3621 879 3719 945 est
3749 876 4254 962 cynocephalum,
4302 879 4520 961 quarta

1411 988 1668 1055 tandem
1698 1007 1841 1054 cum
1875 987 2229 1054 diademate
2274 988 2548 1073 Aegypti
2595 988 2904 1056 inferioris
2935 1008 3189 1054 manum
3221 989 3517 1074 supponit
3546 989 3722 1076 signo
3754 989 3918 1056 oculi
3947 988 4187 1082 mistici
4218 1008 4331 1056 seu
4357 984 4513 1055 uta.

1411 1099 1766 1183 Sequuntur
1809 1098 2092 1184 symbola
2139 1102 2202 1165 et
2249 1099 2635 1165 emblemata
2678 1100 2870 1178 varia,
2927 1100 3091 1166 inter
3151 1118 3310 1183 quae
3374 1103 3687 1185 sceptrum
3751 1102 3815 1166 et
3871 1099 4197 1186 flagellum
4257 1099 4519 1167 Osiridis

1411 1237 1629 1304 oculus
1675 1233 1836 1312 uta,
1883 1237 2082 1315 florea,
2131 1255 2284 1303 vasa
2332 1239 2397 1304 et
2439 1236 2755 1304 emblema
2801 1254 3046 1305 sacrum
3095 1237 3246 1305 deae
3292 1238 3488 1304 Neit
3525 1208 3589 1363 U.

1592 1388 1815 1454 Lmen
1861 1387 1985 1452 ΙΙΙ.
2022 1386 2303 1454 Cadaver
2324 1386 2542 1470 jacens
2565 1385 2749 1470 juxta
2776 1387 3011 1453 flumen
3065 1387 3372 1454 Uernes
3404 1385 3506 1472 (¹).
3555 1424 3642 1436 —
3689 1387 3922 1456 Oculus
3977 1381 4133 1453 uta.
4181 1422 4270 1434 —
4314 1387 4515 1455 Piscis

1414 1499 1540 1583 qui,
1588 1502 1664 1565 ut
1705 1498 1945 1566 animal
1988 1499 2383 1565 immundum
2420 1497 2605 1582 juxta
2646 1499 3009 1584 Aegyptios,
3064 1499 3680 1585 transmigrationem
3726 1500 3991 1566 fortasse
4029 1499 4323 1583 exprimit
4380 1499 4513 1565 ani-

1415 1630 1657 1676 marum
1703 1610 2025 1677 hominum
2073 1610 2507 1693 culpabilium.
2571 1647 2660 1658 —
2720 1608 2999 1691 Quatuor
3054 1611 3288 1696 figurae
3333 1611 3657 1697 geniorum
3703 1611 4102 1678 infernalium
4147 1610 4257 1695 qui
4301 1610 4518 1678 sedent

1415 1725 1479 1788 et
1523 1722 1833 1789 culctrum
1878 1722 2191 1789 sustinent
2239 1722 2317 1787 ad
2365 1721 2690 1788 damnatos
2737 1722 3120 1788 cruciandos.
3172 1721 3388 1788 Prima
3431 1722 3623 1805 caput
3665 1721 3832 1808 gerit
3867 1722 4139 1788 vulturis
4200 1724 4265 1789 et
4323 1722 4513 1789 caniS.

1414 1833 1684 1901 secunda
1727 1833 2064 1917 accipitris,
2113 1834 2306 1900 tertia
2352 1833 2665 1913 crocodili,
2716 1835 2939 1917 quarta
2991 1834 3244 1899 tandem
3299 1834 3470 1900 canis
3523 1834 3852 1902 silvestris,

1592 1947 1905 2030 Papyrum
1952 1946 2068 2012 hoc
2113 1947 2369 2012 unicum
2417 1948 2513 2011 est
2567 1947 2632 2011 in
2689 1944 3057 2012 collectione
3109 1947 3322 2012 nostra
3375 1945 3540 2030 quod
3601 1946 3761 2012 hanc
3822 1946 4107 2013 tabulam
4169 1946 4396 2013 referat
4453 1952 4518 2014 et

1415 2059 1741 2141 propterea
1786 2056 2055 2142 alicujus
2101 2057 2402 2123 momenti
2440 2057 2714 2141 judicari
2760 2056 2963 2124 debet.
3038 2035 3074 2083 ⁸

2615 2270 2953 2278 *—
2978 2270 3321 2278 ——...-.——--

2241 2577 3051 2683 PAPYRUM
3155 2575 3677 2681 XLIV-⁰¹⁴¹

2704 2803 2937 2810 .---..-—...-.
2944 2803 2957 2808 ..
2992 2802 3233 2809 ..—-—--—-

2790 3001 2868 3068 N.
2920 3002 3005 3068 92
3038 3001 3143 3087 (2).

1592 3180 1906 3266 Papyrum
1951 3180 2328 3248 hieraticum
2375 3181 2691 3267 integrum
2753 3180 3017 3267 triginta
3077 3181 3142 3248 et
3201 3201 3307 3250 sex
3367 3181 3555 3248 lineis
3616 3183 3903 3248 constans
3964 3182 4170 3248 aetate
4231 3197 4515 3246 romanae

1415 3293 1858 3360 dominationis
1907 3303 2246 3369 exaratum,
2293 3295 2367 3359 ut
2414 3313 2486 3359 ex
2532 3292 2788 3359 indiciis
2833 3293 3331 3378 paleographicis
3392 3293 3610 3380 colligi
3662 3294 3888 3377 potest.
3952 3292 4246 3359 Continet
4302 3310 4516 3375 preces

1416 3425 1560 3492 erga
1608 3406 1792 3472 deum
1839 3406 2155 3472 Osiridem
2203 3410 2267 3472 et
2312 3406 2470 3472 alias
2521 3405 2889 3474 divinitates
2938 3426 3009 3472 ex
3054 3407 3217 3472 libro
3278 3426 3417 3490 per
3477 3426 3590 3474 em
3651 3407 3849 3472 heru
3892 3405 3996 3471 vel
4056 3405 4203 3471 aliis
4248 3404 4515 3471 funereis

1415 3517 1802 3583 documentis
1850 3516 2264 3600 depromptas.
2314 3518 2388 3584 In
2438 3518 2730 3586 inferiore
2775 3521 2953 3601 parte
2998 3518 3216 3603 papyri
3261 3517 3341 3584 ad
3388 3516 3699 3584 dexteram
3745 3516 4136 3602 respicientis
4182 3517 4359 3583 adest
4412 3516 4515 3582 de-

1416 3632 1664 3698 functus
1710 3649 1888 3695 orans
1933 3630 2078 3696 ante
2126 3629 2440 3696 Osiridem
2488 3632 2730 3712 sceptro
2792 3633 2858 3695 et
2915 3630 3166 3716 flagello
3226 3630 3554 3717 insignem.
3616 3629 3831 3714 Apud·
3864 3628 4227 3696 defunctum
4287 3629 4516 3715 legitur

1417 3745 1567 3810 haec
1613 3741 1916 3807 formula:

1422 3872 1994 4025 *QQU
1849 3928 1996 4019 *ss
2085 3926 2238 3966 c:
2315 3893 2646 3989 &A'
2681 3924 2833 3968 iu—
2929 3882 2995 3947 ὣ
2887 3925 3221 4024 0²⁸*
3340 3894 3405 3957 ὦ
3298 3872 3527 4027 m}
3638 3892 3749 4009 Q
3866 3888 3937 3957 Q
4005 3885 4016 3945 Ι
4178 3875 4504 4028 ΑΕΗΘ

1458 4052 1680 4132 Tuan
1800 4051 1993 4117 neb·
2009 4051 2040 4117 f
2100 4071 2213 4117 em
2435 4055 2615 4134 χοῦ·
2587 4052 2663 4119 -f
2953 4073 3131 4135 xer-
3105 4053 3175 4118 -f
3274 4052 3797 4120 Chonsuthot
3855 4072 4059 4121 seen
4106 4054 4515 4132 Patudsar

1437 4162 1694 4230 Aderat
1756 4163 2085 4231 dominum
2114 4184 2296 4231 suum
2342 4184 2606 4251 sequens
2636 4186 2774 4233 eum
2850 4165 3026 4254 apud
3072 4186 3211 4234 eum
3273 4165 3790 4233 Chonsuthot
3865 4168 4045 4253 filius
4114 4165 4513 4232 Patuasar

1473 4365 1596 4517 (tw
1699 4428 1848 4455 m
1955 4365 2516 4520 wale-i

1415 4563 1604 4724 ¹223
1719 4564 1816 4725 ΞΣ
2032 4543 2462 4738 Ξζῖἔὲἓίξ

1582 4826 1651 4898 (¹)
1688 4827 1804 4882 Hoc
1841 4845 2036 4883 nomen
2070 4828 2299 4883 litterali
2336 4827 2737 4899 significatione
2774 4828 3119 4899 interpretari
3157 4833 3338 4901 potest
3370 4828 3521 4902 quod
3552 4837 3633 4886 esc
3669 4835 3971 4887 extensum.
4016 4828 4176 4886 quta
4218 4830 4519 4901 opinionem

1402 4922 1568 4976 Birch
1604 4921 1826 4978 verbum
1863 4939 2112 4978 uernes
2148 4921 2292 4978 idem
2330 4927 2414 4978 est
2450 4926 2612 4991 atque
2649 4917 2879 4992 οὐρανός
2916 4939 3247 5009 graecorum:

1578 5017 1646 5085 (²)
1683 5014 1768 5071 cf.
1807 5013 1981 5072 Catal.
2021 5014 2247 5087 Champ.
2284 5014 2396 5072 tab.
2435 5016 2561 5082 XII,
2598 5016 2706 5072 litt.
2746 5016 2816 5082 H,
2853 5033 2978 5086 pag.
3017 5016 3104 5072 27.

3117 5192 3319 5199 m
