5034 6400
1999 601 2221 703 ...⁰95
2269 636 2358 648 .-

1518 805 2814 968 asia-”mamam

1516 1009 1667 1058 nen
1802 987 1900 1066 ha
1975 992 2005 1055 t
2081 1009 2195 1057 em
2329 989 2638 1065 nehebt
2727 989 2761 1055 f

1540 1122 1619 1169 ne
1662 1109 1789 1169 stes
1835 1107 2065 1216 contra
2317 1101 2552 1168 collum
2644 1102 2805 1187 ejus.

711 738 884 796 Linea
919 739 1014 795 IX.

784 1280 1012 1346 Textus
1057 1277 1320 1347 fortasse
1367 1282 1502 1346 erat
1546 1279 1702 1346 satis
1747 1280 2025 1363 prolixus
2076 1300 2224 1346 nam
2279 1280 2588 1364 principio
2637 1284 2700 1347 et
2729 1281 2852 1347 fine
2898 1281 3068 1347 caret
3099 1281 3162 1346 et
3192 1280 3514 1347 columnae
3544 1279 3721 1363 ipsae

610 1409 769 1474 quae
815 1391 1149 1475 supersunt
1192 1389 1437 1457 lacunis
1469 1390 1811 1458 abundant.
1846 1390 2118 1457 Nomina
2149 1391 2558 1457 divinitatum
2591 1393 2654 1458 et
2683 1392 3006 1478 geniorum
3034 1391 3185 1457 hinc
3214 1391 3359 1459 inde
3390 1392 3717 1458 notantur:

611 1505 677 1569 et
719 1520 863 1585 pars
908 1500 1230 1568 columnae
1276 1500 1379 1568 III
1425 1502 1565 1587 (lin.
1615 1500 1757 1587 2-5)
1804 1502 2139 1587 respondet
2181 1503 2384 1569 textui
2428 1503 2853 1586 inscriptionis
2884 1525 2922 1568 a
2954 1501 3377 1571 Golenischeff
3417 1502 3623 1571 editae
3652 1503 3721 1570 in

610 1611 771 1679 libro
813 1611 916 1679 cui
959 1611 1188 1679 titulus
1247 1639 1272 1670 a
1308 1613 1694 1682 Metternz‘ch
1749 1613 1919 1682 Stele
1953 1640 1977 1669 n
2040 1613 2347 1700 (Leipzig,
2401 1614 2594 1693 1877,
2641 1634 2780 1699 pag.
2830 1613 2918 1697 3).

787 1820 863 1886 In
908 1819 1079 1887 li'nea
1122 1820 1193 1886 1⁸
1237 1819 1563 1887 columnae
1606 1818 1741 1885 11²²
1786 1822 1928 1903 post
1975 1789 2381 1885 exorcismum
2426 1818 2508 1883 ad
2553 1818 2795 1885 malum
2841 1819 3173 1886 arcendum
3221 1839 3257 1886 a
3333 1794 3400 1946 Ξ
3455 1793 3611 1932 ΞΕ
3681 1829 3721 1907 Q

609 1946 961 2030 xopesch
1007 1928 1120 2013 seu
1165 1964 1205 2012 a
1249 1943 1624 2021 coxendice,
1673 1944 1911 2032 legitur
1956 1963 2178 2010 nomen
2225 1942 2327 2010 dei
2373 1942 2483 2010 Set
2532 1942 2703 2010 hisce
2749 1942 2991 2010 verbis:

1023 2096 1941 2254 &iffi-&RQ
1996 2096 3298 2254 mamistam&

1039 2263 1144 2363 pa*
1272 2297 1449 2344 amu
1546 2298 1636 2346 en
1741 2279 1903 2359 Hor
2023 2295 2119 2360 pa
2431 2274 2697 2349 sembi
2848 2280 2967 2344 'en
3104 2276 3246 2344 Set

1098 2388 1373 2458 dextera
1509 2387 1617 2457 dei
1727 2390 1891 2470 ῌο1·
2410 2389 2691 2454 sinistra
2857 2386 2966 2455 clei
3096 2387 3236 2455 Set

785 2529 1028 2597 Nomen
1097 2497 1139 2650 [l
1178 2515 1268 2638 g
1306 2496 1458 2651 N
1499 2526 1639 2593 Set
1690 2526 1792 2593 vel
1840 2525 2104 2594 fortasse
2151 2525 2343 2592 etiam
2383 2495 2537 2647 ξιξ
2568 2494 2720 2650 N
2771 2525 2966 2593 Sute
2978 2550 3019 2608 χ
3078 2527 3350 2610 pertinet
3405 2529 3484 2595 ad
3524 2515 3721 2597 'votu-

607 2675 953 2743 stissimam
998 2675 1359 2762 religionem
1406 2674 1621 2760 Syriae
1669 2676 1734 2742 et
1778 2673 2052 2760 Aegypti
2102 2675 2165 2740 et
2210 2676 2534 2757 tamquam
2584 2673 2734 2739 deus
2781 2673 3092 2740 beneficus
3138 2674 3356 2741 solaris
3403 2676 3722 2746 colebatur

607 2787 973 2871 praesertim
1020 2787 1086 2853 in
1131 2788 1413 2874 Aegypto
1459 2785 1766 2852 inferiore.
1814 2786 1890 2851 In
1930 2786 2243 2868 superiore
2273 2786 2556 2872 Aegypto
2588 2789 2817 2864 autem,
2852 2805 2962 2851 seu
2991 2786 3059 2851 in
3089 2787 3302 2853 schola
3331 2790 3718 2858 sacerdotum
3755 2810 3758 2814 ’

608 2897 837 2984 Abydi,
887 2898 1037 2966 deus
1085 2897 1224 2966 Set
1267 2918 1376 2982 pro
1422 2898 1709 2964 malefica
1754 2896 2089 2963 divinitate
2141 2897 2491 2963 habebatur
2536 2901 2609 2963 ut
2656 2897 2951 2964 inimicus
2999 2897 3101 2964 dei
3153 2899 3370 2979 Hori.
3419 2901 3721 2969 Processu

608 3027 750 3076 vero
781 3010 1079 3093 temporis
1110 3010 1451 3093 systemata
1480 3009 1633 3074 haec
1665 3008 1972 3073 contraria
2003 3008 2083 3073 ad
2113 3008 2503 3075 concordiam
2533 3012 2834 3075 venerunt
2866 3011 2930 3074 et
2961 3009 3111 3074 deus
3143 3008 3280 3075 Set
3310 3010 3543 3095 ubique
3575 3013 3721 3081 ado-

605 3124 781 3188 ratus
826 3122 951 3187 fuit
993 3140 1193 3205 opere,
1239 3122 1314 3186 ut
1358 3120 1625 3198 videtur,
1667 3120 2058 3185 sacerdotum
2103 3119 2498 3205 Hermopolis
2545 3121 2656 3186 ubi
2703 3120 2805 3186 dei
2852 3121 3056 3186 Thot
3099 3121 3466 3205 praesertim
3511 3126 3720 3192 cultus

605 3235 883 3301 florebat.
908 3233 1066 3302 Inde
1088 3234 1324 3301 factum
1352 3233 1633 3317 estquod
1655 3234 1770 3300 1100
1792 3233 2153 3319 religiosum
2178 3232 2393 3300 foedus
2418 3234 2757 3318 symbolice
2782 3253 3134 3316 expressum
3159 3232 3282 3300 fuit
3303 3254 3414 3317 per
3434 3238 3721 3321 mythum

608 3345 711 3413 dei
755 3347 959 3413 Thot
1004 3346 1112 3430 qui
1158 3345 1309 3412 duos
1356 3344 1737 3423 advesarius,
1782 3343 2024 3411 Horum
2070 3364 2291 3428 nempe
2339 3347 2404 3412 et
2450 3343 2578 3423 Set,
2629 3345 2861 3411 dividit
2907 3346 2972 3412 et
3016 3345 3247 3438 amicos
3296 3346 3503 3412 reddit
3536 3345 3642 3433 (¹).

787 3459 862 3525 In
905 3476 1139 3544 papyro
1183 3459 1390 3525 nostro
1436 3456 1704 3523 formula
1749 3456 1904 3521 haec
1945 3457 2392 3540 protectionem
2438 3456 2677 3523 indicat
2723 3457 2825 3523 dei
2872 3457 3075 3538 Hori
3121 3459 3185 3523 et
3232 3458 3333 3524 dei
3396 3459 3536 3526 Set
3597 3479 3724 3544 qua

608 3568 788 3636 homo
837 3591 874 3636 a
917 3570 1201 3637 malefico
1244 3569 1474 3635 influxo
1503 3568 1817 3634 tuebatur.
1866 3568 1952 3632 Et
1997 3568 2088 3633 sic
2132 3568 2196 3634 in
2245 3587 2472 3653 papyro
2518 3568 2761 3654 magico
2807 3568 3050 3646 Harris‚
3087 3569 3162 3634 de
3194 3587 3314 3652 quo
3361 3589 3546 3653 supra
3583 3569 3721 3654 Jam

610 3681 897 3762 diximus,
948 3681 1206 3749 devotus
1250 3699 1576 3764 personam
1621 3679 1825 3764 ipsam
1874 3679 1974 3744 dei
2020 3678 2156 3746 Set
2201 3680 2365 3766 gerit
2413 3681 2476 3745 et
2522 3678 2602 3744 ad
2647 3678 2939 3746 arcendos
2972 3680 3289 3748 maleficos
3334 3682 3551 3767 genios
3598 3683 3717 3749 hac

609 3821 878 3887 formula
923 3821 1089 3888 inter
1133 3820 1294 3886 alias
1338 3819 1542 3885 utitur
1590 3786 2225 3944 qgQffigN
2309 3801 2542 3884 Anuk
2601 3817 2852 3900 Sutex
2911 3846 2937 3877 κ
2975 3824 3108 3905 qu
3164 3839 3303 3887 sum
3372 3820 3718 3903 Sutexn.

608 3946 789 4031 (Pap.
837 3945 1061 4011 Hatris
1107 3944 1291 4010 VIII.
1347 3943 1434 4028 8).

787 4056 999 4124 Simili
1044 4056 1225 4124 modo
1271 4057 1338 4122 in
1382 4056 1622 4140 reliquo
1667 4058 1844 4123 textu
1887 4058 2107 4143 papyri
2155 4058 2351 4125 nostri
2398 4056 2562 4124 aliae
2602 4057 2970 4125 divinitates
3001 4059 3371 4125 invocantur
3399 4061 3472 4125 ut
3499 4060 3717 4145 genios

606 4169 921 4236 maleficos
967 4170 1216 4235 arceant
1260 4187 1338 4235 ne
1383 4168 1624 4234 homini
1668 4172 1932 4236 noceant
1978 4172 2041 4234 et
2085 4170 2266 4236 homo
2312 4169 2446 4252 ipse
2496 4189 2706 4236 eorum
2760 4170 3116 4235 nominibus
3180 4189 3247 4237 se
3307 4171 3470 4257 tegit
3530 4173 3720 4254 atque

611 4281 904 4348 defendit.
954 4279 1127 4363 Quae
1173 4278 1426 4363 quidem
1473 4279 1893 4347 invocationes
1928 4280 2204 4364 aliquam
2239 4279 2724 4346 similitudinem
2753 4281 2992 4347 habent
3037 4301 3180 4347 cum
3227 4281 3512 4348 formulis
3561 4300 3718 4366 quae

608 4393 975 4477 quandoque
1021 4392 1087 4458 111
1128 4390 1421 4457 amuletis
1476 4391 1637 4457 varii
1697 4392 1942 4478 generis
1995 4391 2401 4461 inveniuntur
2461 4393 2526 4457 et
2584 4393 2953 4474 praesertim
3015 4392 3081 4458 in
3144 4392 3278 4458 illis
3335 4394 3448 4459 ubi
3508 4394 3720 4459 Horus

609 4506 912 4589 aspicitur
957 4504 1107 4571 dum
1153 4502 1461 4571 crocodila
1505 4504 1771 4588 pedibus
1817 4488 2084 4571 conterit
2115 4502 2219 4589 (2).

775 4735 794 4799 (
801 4737 842 4805 ¹)
878 4736 961 4791 De
979 4736 1082 4792 hac
1102 4753 1159 4790 re
1185 4736 1392 4791 censuli
1412 4738 1593 4805 potest
1613 4735 1987 4806 Schiaparelli,
2010 4733 2067 4791 Il
2086 4732 2229 4791 libro
2250 4732 2342 4790 dei
2360 4731 2629 4806 funcralc'.
2657 4734 2816 4790 Parte
2835 4735 2909 4802 H,
2929 4752 3052 4806 pag.
3072 4735 3192 4791 225.
3213 4735 3361 4791 Deus
3382 4736 3602 4791 Thetin
3622 4735 3725 4790 hoc

599 4870 784 4941 mytho
823 4888 1017 4928 nomen
1053 4868 1290 4927 habebat
1340 4860 1480 4958 ψ
1506 4873 1560 4945 Ξ
1595 4881 1647 4931 ><
1673 4829 1903 4979 0}
1933 4826 2002 4979 ἓ
2029 4831 2108 4982 ᾧ
2139 4832 2218 4983 ᾧ
2273 4874 2354 4941 ap
2390 4869 2596 4936 1011111
2621 4889 2714 4926 seu
2744 4870 2843 4928 ille
2865 4870 2965 4945 qui
2985 4869 3198 4928 dividit
3215 4869 3350 4928 duos
3372 4868 3726 4928 adversarios

598 5004 668 5061 cf.
706 5004 769 5062 O.
806 5006 1102 5062 Marucchi.
1139 5005 1182 5063 I
1209 5005 1356 5064 leoni
1395 5004 1486 5064 del
1519 5022 1581 5063 re
1618 5003 1938 5063 Nektanebo
1975 5006 2297 5075 (Bullettino
2336 5006 2573 5061 archeol.
2600 5006 2893 5061 comunale.
2921 5004 3220 5063 Novembre
3250 5005 3426 5074 1890).

777 5101 844 5170 (2)
884 5098 965 5155 Cf.
1001 5098 1338 5172 Zeitsckrift
1372 5098 1469 5172 fzir
1506 5098 1598 5157 die
1636 5098 1990 5174 aeqypcisclze
2027 5097 2278 5173 Sprache
2319 5099 2474 5165 1868,
2512 5117 2564 5169 p.
2588 5100 2689 5164 ·98,
2731 5100 2849 5154 135.
3290 5100 3297 5107 “
