5034 6400
2777 637 2864 649 ..-
2910 602 2998 667 24
3038 636 3128 649 .-

1604 743 1937 811 COLUMNA
1982 742 2095 809 IV.
2129 742 2362 827 Incipit
2388 744 2738 827 capitulum
2771 742 3051 822 CXLIX,
3085 741 3248 826 quod
3277 740 3554 826 procedit
3580 759 3776 824 usque
3804 738 3887 806 ad
3916 738 4268 806 columnam
4297 738 4453 805 ΧΨ.

1500 907 1660 1008 ·<·>·
1781 880 2094 1026 ζέε
2193 875 2605 1031 ΟΜΞ
2658 874 3662 1031 modeim-Q&
3715 873 4489 1050 Qwffissm

1513 1057 1679 1123 Rou
1874 1075 2009 1137 rex
2295 1056 2487 1121 datu
2686 1074 2778 1122 en
2868 1058 3049 1121 issar
3138 1073 3228 1121 en
3366 1053 3606 1134 sextu
3955 1053 4283 1162 stanton

1435 1168 1733 1254 Capitula
1775 1165 2194 1253 eoqnoseendz·
2235 1166 2593 1233 mansiones
2735 1164 3018 1234 Osiridis
3150 1168 3223 1234 in
3354 1167 3598 1252 eampis
3952 1164 4296 1230 Aanrou.

1606 1321 1804 1406 Supra
1846 1322 2163 1389 columnas
2206 1320 2413 1406 pictae
2465 1324 2612 1389 sunt
2667 1321 3017 1389 mansiones
3077 1321 3344 1389 Osiridis
3404 1340 3545 1388 oum
3587 1321 3789 1410 geniis
3835 1324 3899 1389 et
3942 1320 4384 1389 divinitatibus
4433 1324 4499 1390 et

1431 1435 1727 1523 symbolis
1770 1435 1980 1501 variis.

2486 1660 2565 1725 N.
2612 1660 2718 1725 28.
2765 1655 3048 1729 Folium
3091 1656 3443 1729 XXVIII.

1603 1883 1662 1949 A
1706 1882 1995 1950 columna
2023 1883 2084 1948 Ι·
2109 1900 2301 1966 usque
2330 1881 2411 1947 sd
2441 1882 2637 1948 VII⁸¹¹²
2676 1883 3065 1951 eontinentur
3091 1882 3370 1967 reliquae
3401 1883 3747 1951 mansiones
3770 1881 4037 1950 Osiridis
4066 1900 4210 1947 eum
4230 1882 4406 1948 textu
4434 1884 4500 1949 et

1431 1995 1714 2079 picturis.
1756 1994 1832 2059 In
1854 1992 2044 2059 VIII*
2071 1992 2357 2058 columna
2384 1991 2628 2076 pictura
2659 1994 2908 2061 exhibet
2943 1993 3229 2060 tabulam
3258 1994 3519 2075 capituli
3551 1994 3653 2062 GL
3678 1995 3811 2061 sine
3841 1994 4014 2060 textu
4044 1993 4109 2059 et
4136 1992 4345 2059 titulo.
4375 1992 4498 2058 Ta·

1433 2104 1582 2171 bula
1605 2105 1894 2189 exprimit
1915 2122 2135 2171 novem
2163 2104 2442 2188 regiones
2464 2103 2683 2171 mundi
2706 2102 3031 2184 inferioris,
3058 2124 3319 2189 quarum
3340 2106 3414 2171 fit
3433 2105 3667 2174 mentio
3690 2105 3756 2171 in
3778 2102 4170 2189 praecedenti
4199 2102 4493 2188 capitulo.

2538 2435 2614 2501 N.
2665 2436 2769 2500 29.
2812 2429 3100 2504 Folium
3143 2433 3423 2505 XXIX.

1617 2659 1952 2727 Commu
1997 2660 2050 2725 Ι.
2098 2660 2251 2727 Pars
2297 2660 2498 2727 altera
2543 2660 2815 2744 ejusdem
2863 2660 3117 2728 tabulae
3161 2659 3423 2744 capituli
3470 2659 3572 2727 CL
3617 2679 3759 2727 oum
3805 2679 3910 2728 sex
3954 2659 4101 2727 aliis
4144 2658 4496 2746 regionibus

1433 2770 1652 2838 mundi
1696 2770 2102 2837 subterranei.

1613 2949 1949 3018 Gonnum
1993 2950 2080 3017 II.

1532 3080 1661 3152 Cap.
1700 3081 1859 3138 CLII.

1546 3182 1705 3333 Ξῖ
1874 3172 2398 3329 {tiliis—⁰
2550 3172 2738 3330 [ΗΞ
2888 3170 3176 3327 {lss

1507 3356 1614 3423 Bo
1661 3374 1750 3423 en
1925 3353 2073 3420 inb
2163 3357 2257 3419 du
2573 3352 2714 3429 hut
2890 3371 3002 3419 em
3047 3351 3129 3417 ta

1446 3467 1809 3554 Capitulum
1898 3464 2293 3553 aedificandi
2509 3464 2763 3533 domum
2851 3465 3166 3533 interra.

1615 3644 1949 3712 COLUMNA
2023 3643 2142 3709 III.
2222 3642 2515 3711 Continet
2588 3641 2873 3709 tabulam
2945 3640 3209 3726 capituli
3284 3640 3441 3709 CLI
3518 3640 3757 3725 triplici
3828 3639 4040 3708 ordine
4113 3640 4500 3726 dispositam.

1438 3754 1688 3822 Titulus
1735 3757 1927 3823 deest.

1749 3866 1800 3931 Ι.
1924 3865 2111 3933 Canis
2155 3864 2473 3951 sylvestris
2506 3864 2610 3932 dei
2653 3864 2767 3930 An
2784 3862 2968 3931 ubis
3011 3864 3186 3931 sedet
3228 3863 3293 3930 in
3339 3864 3646 3950 stylobate
3691 3863 3855 3932 inter
3898 3862 4018 3930 duo
4063 3863 4384 3931 cadavera.

1749 3977 1833 4042 Π.
1923 3976 2200 4044 Cadaver
2234 3976 2409 4061 jacet
2451 3977 2517 4043 in
2563 3977 2795 4044 lectulo
2839 3976 3087 4043 fimebri
3128 3977 3292 4043 inter
3334 3976 3639 4044 Isidem
3684 3977 3748 4043 et
3790 3975 4122 4043 Neftim.

1748 4088 1867 4153 111.
1917 4086 2105 4156 Canis
2150 4087 2472 4174 sylvestris
2517 4087 2694 4154 sedet
2738 4088 2901 4154 inter
2944 4086 3064 4154 duo
3109 4086 3407 4155 cadavera
3451 4090 3525 4154 ut
3569 4107 3775 4172 supra.

1617 4266 1950 4333 COLUMNA
2018 4264 2132 4332 IV.
2202 4264 2493 4332 Continet
2557 4266 2842 4332 tabulam
2909 4265 3172 4349 capituli
3239 4265 3430 4346 CLII,
3479 4284 3590 4333 seu
3653 4266 4144 4350 purificationem
4213 4265 4505 4333 defuncti.

1439 4378 1692 4444 Titulus
1739 4377 1929 4444 deest.

1619 4554 1954 4623 Comum
2000 4556 2075 4621 V.

1540 4663 1669 4734 Cap.
1706 4662 1896 4720 CLIII.

1550 4762 1709 4914 {fi
1877 4763 2166 4905 [Ἶῖῗ
2388 4761 2539 4915 R
2590 4758 2979 4915 0²²³ss
3009 4787 3062 4886 ὅ

1516 4938 1618 5004 Ro
1664 4956 1752 5004 en
1954 4955 2094 5020 per
2401 4955 2514 5004 em
2738 4938 2872 5015 ata

1455 5049 1814 5135 Capitulum
1882 5045 2157 5115 exeundi
2434 5067 2468 5114 e
2734 5055 2886 5116 rete.
